,代码,名称,最新价,IOPV实时估值,基金折价率,涨跌额,涨跌幅,成交量,成交额,开盘价,最高价,最低价,昨收,振幅,换手率,量比,委比,外盘,内盘,主力净流入-净额,主力净流入-净占比,超大单净流入-净额,超大单净流入-净占比,大单净流入-净额,大单净流入-净占比,中单净流入-净额,中单净流入-净占比,小单净流入-净额,小单净流入-净占比,现手,买一,卖一,最新份额,流通市值,总市值,数据日期,更新时间
0,159502,标普生物科技ETF,0.931,0.9195,-1.25,0.034,3.79,1756891.0,162650855.3,0.916,0.931,0.914,0.897,1.9,17.87,3.51,32.58,983241.0,773650.0,7013570.0,4.31,-2237031.0,-1.38,9250601.0,5.69,-3414689.0,-2.1,-3598880.0,-2.21,13682.0,0.93,0.931,983323024.0,915473735,915473735,2024-04-30,2024-04-30 15:34:36+08:00
1,159730,龙头家电ETF,0.985,0.9844,-0.06,0.025,2.6,146722.0,14488772.084,0.96,0.997,0.958,0.96,4.06,37.08,1.72,-32.67,79909.0,66813.0,-1359219.0,-9.38,-1575937.0,-10.88,216718.0,1.5,841738.0,5.81,517481.0,3.57,-89.0,0.985,0.986,39571340.0,38977770,38977770,2024-04-30,2024-04-30 15:34:21+08:00
2,159518,标普油气ETF,1.098,1.0898,-0.75,0.024,2.23,742445.0,81289590.2,1.084,1.099,1.084,1.074,1.4,60.2,5.32,18.64,346685.0,395760.0,-5351826.0,-6.58,10686181.0,13.15,-16038007.0,-19.73,5915675.0,7.28,-563849.0,-0.69,1115.0,1.097,1.098,123325369.0,135411255,135411255,2024-04-30,2024-04-30 15:34:51+08:00
3,560880,家电ETF龙头,1.256,1.257,0.08,0.026,2.11,144721.0,18255615.0,1.23,1.272,1.23,1.23,3.41,2.8,1.03,57.1,63077.0,81644.0,266937.0,1.46,1905000.0,10.44,-1638063.0,-8.97,-280533.0,-1.54,13596.0,0.07,-162.0,1.246,1.257,516232000.0,648387392,648387392,2024-04-30,2024-04-30 15:59:58+08:00
4,159996,家电ETF,1.227,1.2244,-0.21,0.025,2.08,1633325.0,200404911.7,1.199,1.24,1.197,1.202,3.58,9.99,2.6,-20.67,646292.0,987033.0,6185364.0,3.09,71108305.0,35.48,-64922941.0,-32.4,-2502985.0,-1.25,-3682380.0,-1.84,4829.0,1.226,1.227,1634554848.0,2005598798,2005598798,2024-04-30,2024-04-30 15:34:48+08:00
5,159501,纳斯达克指数ETF,1.209,1.1913,-1.49,0.019,1.6,3424565.0,412321288.207,1.191,1.21,1.191,1.19,1.6,13.27,4.34,9.01,1559815.0,1864750.0,24847092.0,6.03,63647472.0,15.44,-38800380.0,-9.41,-20375601.0,-4.94,-4471497.0,-1.08,-2689.0,1.209,1.21,2579986576.0,3119203770,3119203770,2024-04-30,2024-04-30 15:34:42+08:00
6,513530,港股通红利ETF,1.239,1.2356,-0.28,0.019,1.56,639186.0,79403696.0,1.221,1.256,1.221,1.22,2.87,28.93,1.98,-22.82,342065.0,297121.0,-5678938.0,-7.15,-1106556.0,-1.39,-4572382.0,-5.76,5875542.0,7.4,-196603.0,-0.25,-26.0,1.238,1.239,220938700.0,273743049,273743049,2024-04-30,2024-04-30 16:00:00+08:00
7,561120,家电ETF,1.068,1.0759,0.73,0.016,1.52,157535.0,16938977.0,1.052,1.09,1.052,1.052,3.61,12.24,0.83,-98.46,70750.0,86785.0,126664.0,0.75,2669983.0,15.76,-2543319.0,-15.01,-184268.0,-1.09,57604.0,0.34,100.0,1.065,1.074,128659900.0,137408773,137408773,2024-04-30,2024-04-30 15:59:58+08:00
8,515550,国联中证500ETF,1.183,1.1796,-0.29,0.017,1.46,646.0,76178.0,1.166,1.187,1.166,1.166,1.8,0.22,0.6,48.48,464.0,182.0,0.0,0.0,0.0,0.0,0.0,0.0,15020.0,19.72,-15020.0,-19.72,-14.0,1.174,1.184,29345700.0,34715963,34715963,2024-04-30,2024-04-30 16:00:00+08:00
9,513290,纳指生物科技ETF,1.105,1.0897,-1.4,0.015,1.38,292525.0,32306050.0,1.104,1.106,1.103,1.09,0.28,2.69,0.67,-50.47,129845.0,162680.0,2588265.0,8.01,3859083.0,11.95,-1270818.0,-3.93,-556678.0,-1.72,-2031587.0,-6.29,-15.0,1.105,1.106,1088572096.0,1202872166,1202872166,2024-04-30,2024-04-30 16:00:00+08:00
10,513170,恒生央企ETF,1.049,1.0488,-0.02,0.013,1.25,433967.0,45359289.0,1.036,1.052,1.036,1.036,1.54,34.29,1.15,1.17,157585.0,276382.0,193519.0,0.43,868993.0,1.92,-675474.0,-1.49,-963268.0,-2.12,769750.0,1.7,37.0,1.048,1.049,126573000.0,132775077,132775077,2024-04-30,2024-04-30 15:59:58+08:00
11,159529,标普消费ETF,1.06,1.046,-1.34,0.013,1.24,66139.0,7018289.292,1.088,1.088,1.057,1.047,2.96,7.15,2.09,-47.76,37081.0,29058.0,728818.0,10.38,-372816.0,-5.31,1101634.0,15.7,-788139.0,-11.23,59322.0,0.85,1926.0,1.059,1.06,92536791.0,98088998,98088998,2024-04-30,2024-04-30 15:35:03+08:00
12,561510,中医药ETF,1.14,1.1384,-0.14,0.013,1.15,108983.0,12435238.0,1.128,1.148,1.126,1.127,1.95,11.82,1.13,-24.84,51622.0,57361.0,336480.0,2.71,44499.0,0.36,291981.0,2.35,-72778.0,-0.59,-263701.0,-2.12,163.0,1.139,1.14,92206000.0,105114840,105114840,2024-04-30,2024-04-30 15:59:58+08:00
13,562960,绿色电力ETF,1.075,1.0715,-0.33,0.012,1.13,31999.0,3424838.0,1.063,1.075,1.063,1.063,1.13,8.92,2.32,0.39,14639.0,17360.0,-360789.0,-10.53,567398.0,16.57,-928187.0,-27.1,342603.0,10.0,18184.0,0.53,1000.0,1.072,1.075,35891000.0,38582825,38582825,2024-04-30,2024-04-30 15:59:59+08:00
14,515650,消费50ETF,1.18,1.1797,-0.03,0.013,1.11,458658.0,54387002.0,1.167,1.195,1.167,1.167,2.4,2.62,0.74,-90.68,227132.0,231526.0,1207890.0,2.22,-562300.0,-1.03,1770190.0,3.25,-89035.0,-0.16,-1118855.0,-2.06,226.0,1.179,1.18,1753184000.0,2068757120,2068757120,2024-04-30,2024-04-30 16:00:00+08:00
15,562390,中药50ETF,1.065,1.0658,0.08,0.011,1.04,31798.0,3392422.0,1.051,1.075,1.051,1.054,2.28,4.86,0.79,-24.13,15697.0,16101.0,327116.0,9.64,0.0,0.0,327116.0,9.64,-147278.0,-4.34,-179838.0,-5.3,1.0,1.064,1.065,65429000.0,69681885,69681885,2024-04-30,2024-04-30 15:59:59+08:00
16,159670,消费ETF基金,0.982,0.9816,-0.04,0.01,1.03,50821.0,5026464.99,0.976,0.995,0.976,0.972,1.95,12.8,0.83,22.15,24139.0,26682.0,318462.0,6.34,995000.0,19.8,-676538.0,-13.46,-266253.0,-5.3,-52209.0,-1.04,-20.0,0.98,0.983,39706921.0,38992196,38992196,2024-04-30,2024-04-30 15:34:33+08:00
17,159930,能源ETF,1.478,1.4761,-0.13,0.015,1.03,210587.0,31080271.4,1.463,1.486,1.459,1.463,1.85,7.07,0.68,-45.62,130425.0,80162.0,1875221.0,6.03,1816036.0,5.84,59185.0,0.19,-728136.0,-2.34,-1147085.0,-3.69,1957.0,1.477,1.478,297898144.0,440293457,440293457,2024-04-30,2024-04-30 15:34:15+08:00
18,560580,电力ETF南方,1.044,1.0422,-0.17,0.01,0.97,30825.0,3206073.0,1.038,1.045,1.035,1.034,0.97,13.4,1.38,22.99,13408.0,17417.0,83454.0,2.6,-475772.0,-14.84,559226.0,17.44,-4803.0,-0.15,-78651.0,-2.45,6.0,1.041,1.044,23003000.0,24015132,24015132,2024-04-30,2024-04-30 15:59:58+08:00
19,513350,标普油气ETF,1.157,1.1406,-1.44,0.011,0.96,89079.0,10291764.0,1.148,1.221,1.148,1.146,6.37,10.39,0.9,27.0,58474.0,30605.0,477659.0,4.64,1036493.0,10.07,-558834.0,-5.43,-381002.0,-3.7,-96657.0,-0.94,-435.0,1.157,1.158,85746000.0,99208122,99208122,2024-04-30,2024-04-30 15:59:58+08:00
20,159798,消费50ETF,0.958,0.9575,-0.05,0.009,0.95,122090.0,11773871.9,0.951,0.971,0.951,0.949,2.11,20.61,1.82,-78.03,56285.0,65805.0,210754.0,1.79,881815.0,7.49,-671061.0,-5.7,-72377.0,-0.61,-138378.0,-1.18,300.0,0.955,0.958,59245390.0,56757084,56757084,2024-04-30,2024-04-30 15:34:30+08:00
21,159647,中药ETF,1.074,1.0732,-0.07,0.009,0.85,482364.0,51831712.22,1.066,1.083,1.06,1.065,2.16,7.29,1.1,39.57,205462.0,276902.0,5460669.0,10.54,3315740.0,6.4,2144929.0,4.14,-2879924.0,-5.56,-2580746.0,-4.98,-3449.0,1.074,1.075,661461760.0,710409930,710409930,2024-04-30,2024-04-30 15:34:15+08:00
22,515300,红利低波ETF基金,1.44,1.4374,-0.18,0.012,0.84,121804.0,17534055.0,1.427,1.445,1.427,1.428,1.26,1.16,0.41,29.88,55398.0,66406.0,-3541061.0,-20.2,-3975229.0,-22.67,434168.0,2.48,2789769.0,15.91,751291.0,4.28,200.0,1.439,1.44,1052675200.0,1515852288,1515852288,2024-04-30,2024-04-30 15:59:59+08:00
23,517880,品牌消费ETF,0.851,0.8433,-0.91,0.007,0.83,44219.0,3762479.0,0.831,0.859,0.831,0.844,3.32,8.96,0.71,26.28,26046.0,18173.0,-276476.0,-7.35,85355.0,2.27,-361831.0,-9.62,250213.0,6.65,26263.0,0.7,50.0,0.85,0.851,49337100.0,41985872,41985872,2024-04-30,2024-04-30 16:00:00+08:00
24,159625,绿色电力ETF,1.12,1.1184,-0.14,0.009,0.81,203955.0,22769179.832,1.111,1.121,1.111,1.111,0.9,10.57,1.21,-7.15,92555.0,111400.0,293003.0,1.29,2386291.0,10.48,-2093288.0,-9.19,-255527.0,-1.12,-37476.0,-0.16,32.0,1.119,1.12,192913777.0,216063430,216063430,2024-04-30,2024-04-30 15:34:39+08:00
25,513730,东南亚科技ETF,1.036,1.0089,-2.69,0.008,0.78,198179.0,20479190.0,1.03,1.037,1.028,1.028,0.88,4.73,0.7,-41.29,145187.0,52992.0,4860516.0,23.73,7230839.0,35.31,-2370323.0,-11.57,-2811703.0,-13.73,-2048812.0,-10.0,-8.0,1.036,1.037,419355008.0,434451788,434451788,2024-04-30,2024-04-30 15:59:58+08:00
26,588700,科创生物医药ETF,0.912,0.9126,0.07,0.007,0.77,100009.0,9112012.0,0.905,0.915,0.903,0.905,1.33,11.72,1.52,24.31,52814.0,47195.0,242485.0,2.66,1821099.0,19.99,-1578614.0,-17.32,-122298.0,-1.34,-120187.0,-1.32,-300.0,0.912,0.913,85336200.0,77826614,77826614,2024-04-30,2024-04-30 15:59:45+08:00
27,562350,电力指数ETF,1.045,1.0441,-0.09,0.008,0.77,38130.0,3974656.0,1.037,1.047,1.037,1.037,0.96,14.44,0.82,-52.9,25963.0,12167.0,-65936.0,-1.66,21690.0,0.55,-87626.0,-2.2,38622.0,0.97,27315.0,0.69,317.0,1.044,1.046,26410900.0,27599391,27599391,2024-04-30,2024-04-30 15:59:59+08:00
28,159945,能源ETF基金,1.184,1.1854,0.12,0.009,0.77,51825.0,6143563.9,1.165,1.194,1.165,1.175,2.47,14.99,0.93,-36.16,29644.0,22181.0,515650.0,8.39,0.0,0.0,515650.0,8.39,-270579.0,-4.4,-245071.0,-3.99,126.0,1.184,1.186,34572327.0,40933635,40933635,2024-04-30,2024-04-30 15:34:21+08:00
29,562550,绿电ETF,1.073,1.0727,-0.03,0.008,0.75,37951.0,4058771.0,1.068,1.076,1.065,1.065,1.03,7.38,1.47,9.73,16077.0,21874.0,53159.0,1.31,907500.0,22.36,-854341.0,-21.05,-26398.0,-0.65,-26761.0,-0.66,-503.0,1.073,1.074,51419300.0,55172909,55172909,2024-04-30,2024-04-30 15:59:59+08:00
30,561170,绿电50ETF,1.08,1.0791,-0.08,0.008,0.75,114807.0,12365782.0,1.073,1.081,1.07,1.072,1.03,6.47,1.12,-2.12,49679.0,65128.0,-454826.0,-3.68,-1044368.0,-8.45,589542.0,4.77,285837.0,2.31,168987.0,1.37,103.0,1.078,1.08,177532700.0,191735316,191735316,2024-04-30,2024-04-30 15:59:58+08:00
31,512730,中证银行ETF,1.249,1.2495,0.04,0.009,0.73,98089.0,12261372.0,1.24,1.256,1.24,1.24,1.29,15.43,1.08,-34.8,55811.0,42278.0,100106.0,0.82,0.0,0.0,100106.0,0.82,-11571.0,-0.09,-88535.0,-0.72,1.0,1.236,1.25,63583900.0,79416291,79416291,2024-04-30,2024-04-30 16:00:00+08:00
32,560080,中药ETF,1.164,1.164,0.0,0.008,0.69,630907.0,73531165.0,1.155,1.175,1.153,1.156,1.9,3.62,1.38,43.03,282093.0,348814.0,382787.0,0.52,-2727408.0,-3.71,3110195.0,4.23,1392399.0,1.89,-1775186.0,-2.41,-20.0,1.164,1.165,1742265008.0,2027996469,2027996469,2024-04-30,2024-04-30 15:59:59+08:00
33,561700,电力ETF基金,1.04,1.0393,-0.07,0.007,0.68,73304.0,7584487.0,1.03,1.042,1.03,1.033,1.16,6.8,3.2,31.77,40640.0,32664.0,-121525.0,-1.6,-916051.0,-12.08,794526.0,10.48,-28924.0,-0.38,150450.0,1.98,12.0,1.038,1.04,107813600.0,112126144,112126144,2024-04-30,2024-04-30 15:59:59+08:00
34,159547,红利低波50ETF,1.074,1.0729,-0.1,0.007,0.66,43280.0,4643221.5,1.066,1.076,1.066,1.067,0.94,13.62,2.12,17.32,21603.0,21677.0,-272640.0,-5.87,-388717.0,-8.37,116077.0,2.5,228263.0,4.92,44377.0,0.96,-200.0,1.074,1.075,31786075.0,34138245,34138245,2024-04-30,2024-04-30 15:35:00+08:00
35,515290,银行ETF天弘,1.083,1.0815,-0.14,0.007,0.65,453187.0,49031158.0,1.076,1.088,1.072,1.076,1.49,1.13,0.85,-16.77,246770.0,206417.0,6079629.0,12.4,7054422.0,14.39,-974793.0,-1.99,-2183192.0,-4.45,-3896437.0,-7.95,10.0,1.082,1.083,4007892896.0,4340548006,4340548006,2024-04-30,2024-04-30 15:59:58+08:00
36,515220,煤炭ETF,1.244,1.2431,-0.07,0.008,0.65,1766193.0,219711560.0,1.231,1.252,1.228,1.236,1.94,6.65,0.87,6.1,1071653.0,694540.0,10692177.0,4.87,5470474.0,2.49,5221703.0,2.38,-10405258.0,-4.74,-286917.0,-0.13,300.0,1.243,1.244,2657676896.0,3306150059,3306150059,2024-04-30,2024-04-30 15:59:58+08:00
37,562850,央企能源ETF,1.094,1.091,-0.27,0.007,0.64,247491.0,27033468.0,1.087,1.096,1.084,1.087,1.1,13.91,2.17,-7.54,104224.0,143267.0,-236464.0,-0.87,6266159.0,23.18,-6502623.0,-24.05,112811.0,0.42,123652.0,0.46,153.0,1.092,1.094,177981500.0,194711761,194711761,2024-04-30,2024-04-30 16:00:00+08:00
38,563020,红利低波动ETF,1.133,1.1316,-0.12,0.007,0.62,140149.0,15834695.0,1.125,1.136,1.12,1.126,1.42,3.65,1.43,45.43,54400.0,85749.0,3766595.0,23.79,4439351.0,28.04,-672756.0,-4.25,-3577411.0,-22.59,-189183.0,-1.19,-444.0,1.133,1.134,383910000.0,434970030,434970030,2024-04-30,2024-04-30 15:59:58+08:00
39,159611,电力ETF,0.987,0.9858,-0.12,0.006,0.61,1545233.0,152129986.267,0.978,0.989,0.974,0.981,1.53,6.84,1.22,-3.82,808106.0,737127.0,-12907182.0,-8.48,-11867738.0,-7.8,-1039444.0,-0.68,12346641.0,8.12,560540.0,0.37,-25330.0,0.987,0.988,2259962896.0,2230583378,2230583378,2024-04-30,2024-04-30 15:34:21+08:00
40,159561,德国ETF,0.987,0.9772,-1.0,0.006,0.61,734234.0,72327827.657,0.981,0.988,0.981,0.981,0.71,33.91,,-61.08,503329.0,230905.0,4066620.0,5.62,9613427.0,13.29,-5546807.0,-7.67,-3703144.0,-5.12,-363475.0,-0.5,-4509.0,0.987,0.988,216499489.0,213684996,213684996,2024-04-30,2024-04-30 15:34:15+08:00
41,561760,油气ETF博时,1.0,1.0033,0.33,0.006,0.6,629580.0,63005412.0,0.993,1.007,0.991,0.994,1.61,46.57,0.56,-38.71,520955.0,108625.0,1334819.0,2.12,-22211673.0,-35.25,23546492.0,37.37,-638437.0,-1.01,-696381.0,-1.11,-1000.0,1.0,1.001,135195000.0,135195000,135195000,2024-04-30,2024-04-30 15:59:59+08:00
42,515450,红利低波50ETF,1.352,1.3491,-0.21,0.008,0.6,215787.0,29125645.0,1.333,1.356,1.333,1.344,1.71,1.64,0.66,3.12,128628.0,87159.0,624780.0,2.15,1573236.0,5.4,-948456.0,-3.26,-384232.0,-1.32,-240548.0,-0.83,1.0,1.351,1.352,1318335008.0,1782388931,1782388931,2024-04-30,2024-04-30 15:59:59+08:00
43,510570,兴业中证500ETF,0.85,0.8398,-1.21,0.005,0.59,7.0,590.0,0.842,0.85,0.839,0.845,1.3,0.0,,-82.91,2.0,5.0,336.0,56.95,0.0,0.0,336.0,56.95,83.0,14.07,-421.0,-71.36,1.0,0.838,0.852,28060600.0,23851510,23851510,2024-04-30,2024-04-30 15:59:59+08:00
44,561560,电力ETF,1.191,1.1894,-0.13,0.007,0.59,321515.0,38247748.0,1.185,1.195,1.181,1.184,1.18,22.23,1.99,-2.54,154601.0,166914.0,-5140238.0,-13.44,-6024109.0,-15.75,883871.0,2.31,2638984.0,6.9,2501253.0,6.54,28.0,1.191,1.192,144624200.0,172247422,172247422,2024-04-30,2024-04-30 15:59:59+08:00
45,159669,绿电ETF,1.027,1.0278,0.08,0.006,0.59,159165.0,16312285.416,1.021,1.03,1.017,1.021,1.27,30.75,1.3,-92.1,79548.0,79617.0,-71634.0,-0.44,-15723.0,-0.1,-55911.0,-0.34,-21880.0,-0.13,93515.0,0.57,500.0,1.025,1.03,51754781.0,53152160,53152160,2024-04-30,2024-04-30 15:34:30+08:00
46,512800,银行ETF,1.218,1.2161,-0.16,0.007,0.58,1401915.0,170533963.0,1.207,1.224,1.207,1.211,1.4,2.91,0.58,-25.84,818982.0,582933.0,37814198.0,22.17,25649142.0,15.04,12165056.0,7.13,-30692248.0,-18.0,-7121949.0,-4.18,1901.0,1.217,1.218,4820240128.0,5871052476,5871052476,2024-04-30,2024-04-30 15:59:59+08:00
47,159520,消费龙头ETF,1.055,1.0559,0.09,0.006,0.57,35872.0,3792707.457,1.07,1.07,1.052,1.049,1.72,16.18,0.95,26.32,25836.0,10036.0,-54442.0,-1.44,0.0,0.0,-54442.0,-1.44,8955.0,0.24,45488.0,1.2,50.0,1.049,1.057,22177649.0,23397420,23397420,2024-04-30,2024-04-30 15:34:54+08:00
48,159513,纳斯达克100指数ETF,1.083,1.0801,-0.27,0.006,0.56,1111378.0,120089561.878,1.078,1.084,1.077,1.077,0.65,2.73,1.12,31.1,667330.0,444048.0,-4340075.0,-3.61,261604.0,0.22,-4601679.0,-3.83,3810397.0,3.17,529678.0,0.44,-8257.0,1.083,1.084,4064549104.0,4401906680,4401906680,2024-04-30,2024-04-30 15:34:54+08:00
49,159691,港股红利ETF,1.094,1.102,0.73,0.006,0.55,1867456.0,205836407.749,1.088,1.126,1.086,1.088,3.68,32.98,2.8,-16.39,1007433.0,860023.0,-23343187.0,-11.34,-39120555.0,-19.01,15777368.0,7.67,15444085.0,7.5,7899103.0,3.84,11882.0,1.093,1.094,566301392.0,619533723,619533723,2024-04-30,2024-04-30 15:34:48+08:00
50,512700,银行ETF基金,1.289,1.288,-0.08,0.007,0.55,467257.0,60219936.0,1.278,1.295,1.277,1.282,1.4,4.9,0.82,19.49,234549.0,232708.0,1316442.0,2.19,5783478.0,9.6,-4467036.0,-7.42,-478467.0,-0.79,-837974.0,-1.39,-272.0,1.288,1.289,953581008.0,1229165919,1229165919,2024-04-30,2024-04-30 15:59:58+08:00
51,562600,医疗器械ETF,0.922,0.9179,-0.45,0.005,0.55,5728.0,526429.0,0.917,0.922,0.909,0.917,1.42,0.8,0.39,-5.56,2318.0,3410.0,62185.0,11.81,0.0,0.0,62185.0,11.81,53227.0,10.11,-115413.0,-21.92,320.0,0.922,0.926,71937400.0,66326283,66326283,2024-04-30,2024-04-30 16:00:00+08:00
52,512040,价值100ETF,0.94,0.9378,-0.23,0.005,0.53,1268840.0,119407366.0,0.933,0.944,0.933,0.935,1.18,12.87,2.07,6.62,691384.0,577456.0,-9710701.0,-8.13,-6586960.0,-5.52,-3123741.0,-2.62,3017419.0,2.53,6693282.0,5.61,21.0,0.939,0.94,985715904.0,926572950,926572950,2024-04-30,2024-04-30 15:59:58+08:00
53,515960,医药健康ETF,0.779,0.7788,-0.03,0.004,0.52,74651.0,5829061.0,0.779,0.784,0.774,0.775,1.29,2.26,0.84,-6.58,37518.0,37133.0,222534.0,3.82,-818575.0,-14.04,1041109.0,17.86,-61413.0,-1.05,-161121.0,-2.76,2749.0,0.778,0.78,330991904.0,257842693,257842693,2024-04-30,2024-04-30 15:59:58+08:00
54,516310,银行ETF易方达,0.99,0.9887,-0.13,0.005,0.51,106117.0,10515472.0,0.985,0.994,0.981,0.985,1.32,9.62,0.78,-34.93,55173.0,50944.0,143231.0,1.36,98351.0,0.94,44880.0,0.43,-11482.0,-0.11,-131749.0,-1.25,939.0,0.988,0.99,110358500.0,109254915,109254915,2024-04-30,2024-04-30 15:59:57+08:00
55,159887,银行ETF,0.995,0.9943,-0.07,0.005,0.51,550999.0,54727936.88,0.989,0.999,0.986,0.99,1.31,18.51,1.09,-30.87,303775.0,247224.0,123236.0,0.23,441597.0,0.81,-318361.0,-0.58,-27848.0,-0.05,-95388.0,-0.17,444.0,0.994,0.995,297615952.0,296127872,296127872,2024-04-30,2024-04-30 15:34:30+08:00
56,510630,消费30ETF,0.997,0.9974,0.04,0.005,0.5,104566.0,10474581.0,0.992,1.008,0.991,0.992,1.71,4.05,1.14,-44.21,62839.0,41727.0,896991.0,8.56,1091448.0,10.42,-194457.0,-1.86,-479022.0,-4.57,-417970.0,-3.99,10.0,0.996,0.997,258361500.0,257586416,257586416,2024-04-30,2024-04-30 15:59:49+08:00
57,512820,银行业ETF,1.231,1.2309,-0.01,0.006,0.49,128719.0,15837920.0,1.224,1.238,1.224,1.225,1.14,5.13,0.73,8.79,61590.0,67129.0,-346539.0,-2.19,675900.0,4.27,-1022439.0,-6.46,-133455.0,-0.84,479994.0,3.03,-1962.0,1.23,1.232,250901900.0,308860239,308860239,2024-04-30,2024-04-30 16:00:00+08:00
58,515280,银行龙头ETF,1.245,1.2453,0.02,0.006,0.48,63757.0,7942939.0,1.236,1.252,1.236,1.239,1.29,23.08,0.98,-2.54,32768.0,30989.0,196611.0,2.48,0.0,0.0,196611.0,2.48,-141522.0,-1.78,-55089.0,-0.69,-2.0,1.244,1.248,27618600.0,34385157,34385157,2024-04-30,2024-04-30 15:59:58+08:00
59,562580,可选消费ETF,1.039,1.0405,0.14,0.005,0.48,91945.0,9611487.0,1.037,1.05,1.037,1.034,1.26,24.37,1.87,-69.58,54445.0,37500.0,1426584.0,14.84,3064526.0,31.88,-1637942.0,-17.04,-1081038.0,-11.25,-345546.0,-3.6,200.0,1.038,1.039,37723300.0,39194509,39194509,2024-04-30,2024-04-30 15:59:58+08:00
60,513970,恒生消费ETF,0.839,0.8426,0.43,0.004,0.48,248213.0,20976224.0,0.835,0.851,0.835,0.835,1.92,8.93,1.3,-15.05,108120.0,140093.0,380016.0,1.81,1600295.0,7.63,-1220279.0,-5.82,-376281.0,-1.79,-3735.0,-0.02,-66.0,0.839,0.84,278041008.0,233276406,233276406,2024-04-30,2024-04-30 15:59:58+08:00
61,159866,日经ETF,1.061,1.0181,-4.21,0.005,0.47,1549497.0,165699545.2,1.064,1.08,1.058,1.056,2.08,29.57,1.56,9.2,783081.0,766416.0,-9741159.0,-5.88,8497115.0,5.13,-18238274.0,-11.01,7132084.0,4.3,2609075.0,1.57,10527.0,1.06,1.061,523979376.0,555942118,555942118,2024-04-30,2024-04-30 15:34:09+08:00
62,561790,央企现代能源ETF,1.095,1.0944,-0.05,0.005,0.46,177775.0,19466960.0,1.091,1.099,1.091,1.09,0.73,24.71,1.2,-17.73,87210.0,90565.0,350692.0,1.8,0.0,0.0,350692.0,1.8,-167719.0,-0.86,-182973.0,-0.94,106.0,1.093,1.098,71934000.0,78767730,78767730,2024-04-30,2024-04-30 16:00:00+08:00
63,159965,央视50ETF,1.314,1.3127,-0.1,0.006,0.46,13107.0,1718498.5,1.305,1.319,1.305,1.308,1.07,2.07,0.98,-15.43,7128.0,5979.0,-333610.0,-19.41,0.0,0.0,-333610.0,-19.41,308916.0,17.98,24693.0,1.44,50.0,1.312,1.314,63426953.0,83343016,83343016,2024-04-30,2024-04-30 15:34:24+08:00
64,561360,石油ETF,1.098,1.0985,0.05,0.005,0.46,184380.0,20240436.0,1.093,1.106,1.09,1.093,1.46,20.45,1.14,1.26,71010.0,113370.0,-5292.0,-0.03,473204.0,2.34,-478496.0,-2.36,-144370.0,-0.71,149662.0,0.74,375.0,1.098,1.099,90148000.0,98982504,98982504,2024-04-30,2024-04-30 16:00:00+08:00
65,159758,红利50ETF,0.919,0.9163,-0.29,0.004,0.44,401236.0,36808277.8,0.914,0.922,0.914,0.915,0.87,9.46,1.84,-33.21,289951.0,111285.0,-452794.0,-1.23,-2220834.0,-6.03,1768040.0,4.8,349074.0,0.95,103720.0,0.28,318.0,0.918,0.919,424290784.0,389923230,389923230,2024-04-30,2024-04-30 15:34:54+08:00
66,510880,红利ETF,3.143,3.1395,-0.11,0.013,0.42,1126821.0,354444371.0,3.124,3.161,3.122,3.13,1.25,1.95,0.74,45.44,557357.0,569464.0,-10240918.0,-2.89,19151013.0,5.4,-29391931.0,-8.29,-2059540.0,-0.58,12300459.0,3.47,-13.0,3.142,3.143,5788175616.0,18192235961,18192235961,2024-04-30,2024-04-30 15:59:54+08:00
67,512390,平安MSCI低波ETF,1.21,1.2107,0.06,0.005,0.41,7829.0,947668.0,1.209,1.217,1.209,1.205,0.66,0.46,1.04,-41.06,2771.0,5058.0,-49794.0,-5.25,0.0,0.0,-49794.0,-5.25,47128.0,4.97,2666.0,0.28,-1481.0,1.21,1.211,171682000.0,207735220,207735220,2024-04-30,2024-04-30 15:59:59+08:00
68,510010,180治理ETF,1.466,1.4592,-0.47,0.006,0.41,6.0,879.0,1.46,1.466,1.46,1.46,0.41,0.0,,-9.09,1.0,5.0,0.0,0.0,0.0,0.0,0.0,0.0,0.0,0.0,0.0,0.0,-5.0,1.45,1.466,177524400.0,260250770,260250770,2024-04-30,2024-04-30 15:59:52+08:00
69,517550,消费ETF沪港深,0.762,0.7631,0.14,0.003,0.4,54812.0,4188319.0,0.762,0.772,0.761,0.759,1.45,14.27,1.17,-1.3,21827.0,32985.0,97762.0,2.33,195433.0,4.67,-97671.0,-2.33,-120414.0,-2.87,22650.0,0.54,-342.0,0.762,0.763,38417400.0,29274059,29274059,2024-04-30,2024-04-30 15:59:59+08:00
70,515020,银行ETF华夏,1.28,1.2805,0.04,0.005,0.39,83895.0,10749850.0,1.274,1.287,1.274,1.275,1.02,2.18,1.09,-2.26,39894.0,44001.0,846715.0,7.88,574336.0,5.34,272379.0,2.53,-885407.0,-8.24,38693.0,0.36,-673.0,1.279,1.282,384345296.0,491961979,491961979,2024-04-30,2024-04-30 16:00:00+08:00
71,159736,饮食ETF,0.77,0.7684,-0.21,0.003,0.39,886868.0,68471201.144,0.778,0.778,0.762,0.767,2.09,1.3,0.96,29.54,455968.0,430900.0,7326757.0,10.7,12903222.0,18.84,-5576465.0,-8.14,-7235010.0,-10.57,-91746.0,-0.13,139.0,0.769,0.77,6823394560.0,5254013811,5254013811,2024-04-30,2024-04-30 15:34:36+08:00
72,516210,银行ETF指数基金,1.036,1.0357,-0.03,0.004,0.39,139035.0,14342154.0,1.034,1.037,1.03,1.032,0.68,7.21,1.83,-16.31,79307.0,59728.0,-369398.0,-2.58,-6482283.0,-45.2,6112885.0,42.62,357790.0,2.49,11607.0,0.08,1598.0,1.036,1.037,192731000.0,199669316,199669316,2024-04-30,2024-04-30 16:00:00+08:00
73,512890,红利低波ETF,1.04,1.0399,-0.01,0.004,0.39,2877419.0,299249831.0,1.03,1.046,1.03,1.036,1.54,4.08,0.56,-41.94,1267373.0,1610046.0,-7604396.0,-2.54,7609277.0,2.54,-15213673.0,-5.08,7066794.0,2.36,537603.0,0.18,-292.0,1.04,1.041,7057110784.0,7339395215,7339395215,2024-04-30,2024-04-30 15:59:58+08:00
74,159549,红利低波动ETF,1.063,1.062,-0.09,0.004,0.38,8605.0,915744.246,1.06,1.068,1.059,1.059,0.85,0.03,0.87,-25.24,3435.0,5170.0,19516.0,2.13,0.0,0.0,19516.0,2.13,97202.0,10.61,-116718.0,-12.75,46.0,1.062,1.063,2831523888.0,3009909893,3009909893,2024-04-30,2024-04-30 15:34:09+08:00
75,516080,创新药ETF易方达,0.533,0.5316,-0.26,0.002,0.38,120380.0,6395746.0,0.532,0.535,0.528,0.531,1.32,2.28,0.94,-70.92,60874.0,59506.0,221972.0,3.47,-365147.0,-5.71,587119.0,9.18,-215383.0,-3.37,-6590.0,-0.1,1.0,0.531,0.533,527554800.0,281186708,281186708,2024-04-30,2024-04-30 16:00:00+08:00
76,562060,标普红利ETF,1.082,1.0807,-0.12,0.004,0.37,578759.0,62550857.0,1.077,1.084,1.076,1.078,0.74,18.98,0.93,14.9,289640.0,289119.0,-523714.0,-0.84,-1226731.0,-1.96,703017.0,1.12,372343.0,0.6,151371.0,0.24,303.0,1.081,1.082,304896304.0,329897801,329897801,2024-04-30,2024-04-30 15:59:59+08:00
77,159898,医疗器械指数ETF,0.55,0.5489,-0.2,0.002,0.36,237207.0,13031562.4,0.547,0.552,0.546,0.548,1.09,8.01,0.92,25.45,106605.0,130602.0,469366.0,3.6,1101000.0,8.45,-631634.0,-4.85,-400298.0,-3.07,-69069.0,-0.53,462.0,0.547,0.55,296098832.0,162854358,162854358,2024-04-30,2024-04-30 15:34:36+08:00
78,159838,医药50ETF,0.57,0.5697,-0.05,0.002,0.35,83687.0,4773229.44,0.568,0.573,0.566,0.568,1.23,2.33,1.16,-33.65,51345.0,32342.0,491972.0,10.31,1002737.0,21.01,-510765.0,-10.7,-480461.0,-10.07,-11511.0,-0.24,166.0,0.569,0.57,358763456.0,204495170,204495170,2024-04-30,2024-04-30 15:34:51+08:00
79,560500,500质量成长ETF,0.903,0.9007,-0.26,0.003,0.33,61782.0,5597129.0,0.9,0.909,0.9,0.9,1.0,0.86,1.17,11.93,39080.0,22702.0,-483462.0,-8.64,0.0,0.0,-483462.0,-8.64,481660.0,8.61,1801.0,0.03,1.0,0.901,0.903,716339008.0,646854124,646854124,2024-04-30,2024-04-30 15:59:58+08:00
80,515710,食品ETF,0.668,0.6678,-0.03,0.002,0.3,262781.0,17652291.0,0.667,0.677,0.667,0.666,1.5,2.11,0.58,-13.98,119254.0,143527.0,-1092171.0,-6.19,1407794.0,7.98,-2499965.0,-14.16,-1051682.0,-5.96,2143854.0,12.14,-262.0,0.667,0.668,1244599808.0,831392672,831392672,2024-04-30,2024-04-30 15:59:58+08:00
81,516670,畜牧养殖ETF,0.674,0.6747,0.1,0.002,0.3,373362.0,25259284.0,0.67,0.683,0.669,0.672,2.08,3.92,0.96,0.51,183951.0,189411.0,773509.0,3.06,276854.0,1.1,496655.0,1.97,-379290.0,-1.5,-394218.0,-1.56,-2083.0,0.674,0.675,953266304.0,642501489,642501489,2024-04-30,2024-04-30 15:59:59+08:00
82,560150,红利低波ETF泰康,1.036,1.0372,0.12,0.003,0.29,145472.0,15070067.0,1.033,1.041,1.029,1.033,1.16,2.6,0.89,-10.68,84126.0,61346.0,376481.0,2.5,-694054.0,-4.61,1070535.0,7.1,-414100.0,-2.75,37620.0,0.25,-552.0,1.036,1.038,559279296.0,579413351,579413351,2024-04-30,2024-04-30 15:59:59+08:00
83,513000,日经225ETF易方达,1.395,1.362,-2.42,0.004,0.29,314653.0,44033259.0,1.401,1.406,1.391,1.391,1.08,5.95,0.97,-11.12,140862.0,173791.0,-4620564.0,-10.49,1959814.0,4.45,-6580378.0,-14.94,3127135.0,7.1,1493429.0,3.39,-145.0,1.394,1.395,528911408.0,737831414,737831414,2024-04-30,2024-04-30 15:59:59+08:00
84,159880,有色ETF基金,1.088,1.0767,-1.05,0.003,0.28,66061.0,7187413.8,1.085,1.105,1.076,1.085,2.67,10.39,0.88,12.77,30223.0,35838.0,-722260.0,-10.05,-2500.0,-0.03,-719760.0,-10.01,362806.0,5.05,359454.0,5.0,-17.0,1.088,1.09,63551518.0,69144052,69144052,2024-04-30,2024-04-30 15:34:24+08:00
85,512600,必选消费ETF,0.749,0.7469,-0.28,0.002,0.27,103196.0,7756116.0,0.747,0.756,0.747,0.747,1.2,1.99,0.98,-26.76,46750.0,56446.0,551143.0,7.11,679718.0,8.76,-128575.0,-1.66,-343749.0,-4.43,-207394.0,-2.67,4.0,0.748,0.749,518256096.0,388173816,388173816,2024-04-30,2024-04-30 15:59:59+08:00
86,516130,消费龙头ETF,0.784,0.7842,0.03,0.002,0.26,38044.0,2990144.0,0.782,0.793,0.782,0.782,1.41,4.23,0.6,-32.44,17883.0,20161.0,216577.0,7.24,669111.0,22.38,-452534.0,-15.13,-142032.0,-4.75,-74545.0,-2.49,-100.0,0.783,0.785,89890000.0,70473760,70473760,2024-04-30,2024-04-30 15:59:58+08:00
87,513690,恒生高股息ETF,0.787,0.785,-0.25,0.002,0.25,716742.0,56596430.0,0.785,0.796,0.781,0.785,1.91,4.46,1.15,27.18,317243.0,399499.0,6092348.0,10.76,5093345.0,9.0,999003.0,1.77,-5265438.0,-9.3,-826909.0,-1.46,10.0,0.786,0.787,1607979904.0,1265480184,1265480184,2024-04-30,2024-04-30 15:59:59+08:00
88,159696,纳指ETF易方达,1.199,1.1757,-1.98,0.003,0.25,17486.0,2092938.0,1.197,1.199,1.195,1.196,0.33,0.24,0.48,70.4,12905.0,4581.0,44397.0,2.12,841750.0,40.22,-797353.0,-38.1,-9919.0,-0.47,-34479.0,-1.65,10.0,1.198,1.199,726824032.0,871462014,871462014,2024-04-30,2024-04-30 15:34:36+08:00
89,159797,医疗器械ETF基金,0.809,0.8079,-0.14,0.002,0.25,30853.0,2503111.4,0.802,0.813,0.802,0.807,1.36,4.41,1.95,-26.03,15617.0,15236.0,80695.0,3.22,0.0,0.0,80695.0,3.22,-56860.0,-2.27,-23833.0,-0.95,1.0,0.807,0.809,69989247.0,56621301,56621301,2024-04-30,2024-04-30 15:35:03+08:00
90,516530,物流快递ETF,0.821,0.8197,-0.16,0.002,0.24,24081.0,1979767.0,0.822,0.825,0.817,0.819,0.98,2.7,1.94,-16.91,9567.0,14514.0,42645.0,2.15,-2060.0,-0.1,44705.0,2.26,-31924.0,-1.61,-10721.0,-0.54,18.0,0.82,0.821,89302300.0,73317188,73317188,2024-04-30,2024-04-30 15:59:58+08:00
91,159606,中证500成长ETF,0.855,0.8542,-0.09,0.002,0.23,113533.0,9737418.02,0.85,0.861,0.85,0.853,1.29,2.19,1.57,-12.54,58359.0,55174.0,284882.0,2.93,-126768.0,-1.3,411650.0,4.23,-186986.0,-1.92,-97897.0,-1.01,123.0,0.854,0.855,518222832.0,443080521,443080521,2024-04-30,2024-04-30 15:34:54+08:00
92,513500,标普500ETF,1.758,1.7161,-2.44,0.004,0.23,823675.0,144685815.0,1.755,1.76,1.753,1.754,0.4,1.14,0.57,13.93,461290.0,362385.0,-3008282.0,-2.08,10790922.0,7.46,-13799204.0,-9.54,-5766806.0,-3.99,8775088.0,6.06,30.0,1.757,1.758,7234638592.0,12718494645,12718494645,2024-04-30,2024-04-30 15:59:57+08:00
93,561320,交运ETF,0.884,0.8847,0.08,0.002,0.23,124172.0,10972392.0,0.878,0.891,0.878,0.882,1.47,12.37,1.55,2.06,54059.0,70113.0,-222438.0,-2.03,-663766.0,-6.05,441328.0,4.02,285752.0,2.6,-63315.0,-0.58,-100.0,0.884,0.885,100369000.0,88726196,88726196,2024-04-30,2024-04-30 15:59:58+08:00
94,515950,医药龙头ETF,0.896,0.8951,-0.1,0.002,0.22,205672.0,18442718.0,0.894,0.901,0.889,0.894,1.34,2.27,0.89,-86.45,106627.0,99045.0,1199045.0,6.5,1198947.0,6.5,98.0,0.0,-544367.0,-2.95,-654677.0,-3.55,100.0,0.894,0.895,905200608.0,811059745,811059745,2024-04-30,2024-04-30 15:59:59+08:00
95,159683,运输ETF,0.898,0.899,0.11,0.002,0.22,26511.0,2382910.0,0.899,0.904,0.895,0.896,1.0,8.01,0.51,-94.31,10935.0,15576.0,87794.0,3.68,90.0,0.0,87704.0,3.68,-83984.0,-3.52,-3810.0,-0.16,-1700.0,0.898,0.901,33115396.0,29737626,29737626,2024-04-30,2024-04-30 15:34:12+08:00
96,159788,港股通100ETF,0.906,0.9111,0.56,0.002,0.22,58853.0,5362862.3,0.904,0.952,0.904,0.904,5.31,8.86,1.45,-98.5,31426.0,27427.0,-617603.0,-11.52,-1304698.0,-24.33,687095.0,12.81,418928.0,7.81,198676.0,3.7,-441.0,0.905,0.906,66424965.0,60181018,60181018,2024-04-30,2024-04-30 15:34:24+08:00
97,515890,红利ETF博时,1.372,1.3716,-0.03,0.003,0.22,55531.0,7617920.0,1.366,1.38,1.365,1.369,1.1,1.09,0.67,-0.18,27004.0,28527.0,343384.0,4.51,0.0,0.0,343384.0,4.51,-29767.0,-0.39,-313618.0,-4.12,-4.0,1.372,1.373,510443904.0,700329036,700329036,2024-04-30,2024-04-30 15:59:58+08:00
98,159891,医疗ETF基金,0.459,0.4583,-0.15,0.001,0.22,35569.0,1632922.8,0.457,0.46,0.456,0.458,0.87,1.27,0.68,-70.54,20396.0,15173.0,233247.0,14.28,0.0,0.0,233247.0,14.28,-126869.0,-7.77,-106376.0,-6.51,559.0,0.458,0.459,279024832.0,128072398,128072398,2024-04-30,2024-04-30 15:35:03+08:00
99,159699,恒生消费ETF,0.926,0.9435,1.85,0.002,0.22,173459.0,16189400.262,0.926,0.939,0.926,0.924,1.41,5.35,0.64,-48.3,96952.0,76507.0,652471.0,4.03,549938.0,3.4,102533.0,0.63,-337025.0,-2.08,-315446.0,-1.95,-350.0,0.926,0.927,324164256.0,300176101,300176101,2024-04-30,2024-04-30 15:34:54+08:00
100,513390,纳指100ETF,1.449,1.4211,-1.96,0.003,0.21,183253.0,26506707.0,1.445,1.449,1.444,1.446,0.35,1.89,0.8,12.65,126730.0,56523.0,-78247.0,-0.3,3280923.0,12.38,-3359170.0,-12.67,119489.0,0.45,-41243.0,-0.16,20.0,1.448,1.449,970379104.0,1406079322,1406079322,2024-04-30,2024-04-30 15:59:59+08:00
101,159941,纳指ETF,0.978,0.9609,-1.78,0.002,0.2,4662454.0,456008399.1,0.977,0.98,0.976,0.976,0.41,2.33,0.6,-31.15,2598255.0,2064199.0,887021.0,0.19,10597888.0,2.32,-9710867.0,-2.13,2681990.0,0.59,-3569021.0,-0.78,-260270.0,0.978,0.979,20037210112.0,19596391490,19596391490,2024-04-30,2024-04-30 15:34:15+08:00
102,513400,道琼斯ETF,0.987,0.9876,0.06,0.002,0.2,222693.0,21940475.0,0.986,0.987,0.984,0.985,0.3,3.92,0.47,3.76,153328.0,69365.0,3163451.0,14.42,4007306.0,18.26,-843855.0,-3.85,-2867393.0,-13.07,-296058.0,-1.35,462.0,0.986,0.987,568062000.0,560677194,560677194,2024-04-30,2024-04-30 16:00:00+08:00
103,159632,纳斯达克ETF,1.483,1.4562,-1.84,0.003,0.2,683667.0,101275265.4,1.48,1.483,1.479,1.48,0.27,1.38,0.77,2.22,358661.0,325006.0,-2824492.0,-2.79,-3481899.0,-3.44,657407.0,0.65,1989752.0,1.96,834742.0,0.82,2336.0,1.482,1.483,4963720704.0,7361197804,7361197804,2024-04-30,2024-04-30 15:34:09+08:00
104,159804,创中盘88ETF,0.998,0.9948,-0.32,0.002,0.2,14361.0,1427596.6,0.995,1.001,0.989,0.996,1.2,1.15,2.53,13.1,13366.0,995.0,74970.0,5.25,525367.0,36.8,-450397.0,-31.55,-28285.0,-1.98,-46687.0,-3.27,467.0,0.99,1.0,124899676.0,124649877,124649877,2024-04-30,2024-04-30 15:34:33+08:00
105,560520,红利低波100ETF基金,1.003,1.0041,0.11,0.002,0.2,84375.0,8484097.0,1.002,1.008,1.001,1.001,0.7,12.1,0.85,-82.48,37312.0,47063.0,827022.0,9.75,450062.0,5.3,376960.0,4.44,-715614.0,-8.43,-111407.0,-1.31,-500.0,1.002,1.005,69751000.0,69960253,69960253,2024-04-30,2024-04-30 15:59:57+08:00
106,159581,红利ETF基金,1.019,1.0201,0.11,0.002,0.2,269789.0,27529702.5,1.015,1.025,1.014,1.017,1.08,28.94,1.17,7.52,153735.0,116054.0,439353.0,1.6,-502764.0,-1.83,942117.0,3.42,-258677.0,-0.94,-180676.0,-0.66,100.0,1.019,1.02,93225708.0,94996996,94996996,2024-04-30,2024-04-30 15:34:45+08:00
107,159883,医疗器械ETF,0.524,0.5236,-0.08,0.001,0.19,719453.0,37728291.3,0.523,0.527,0.521,0.523,1.15,2.2,1.03,-6.19,359506.0,359947.0,3055350.0,8.1,4021186.0,10.66,-965836.0,-2.56,-2415692.0,-6.4,-639658.0,-1.7,6146.0,0.523,0.524,3276037840.0,1716643828,1716643828,2024-04-30,2024-04-30 15:34:27+08:00
108,517900,银行ETF优选,1.055,1.0577,0.26,0.002,0.19,4015.0,423491.0,1.054,1.062,1.049,1.053,1.23,0.8,0.3,-1.05,832.0,3183.0,89650.0,21.17,0.0,0.0,89650.0,21.17,-73729.0,-17.41,-15920.0,-3.76,-2260.0,1.054,1.055,49993500.0,52743143,52743143,2024-04-30,2024-04-30 15:59:57+08:00
109,561260,能源ETF,1.089,1.0882,-0.07,0.002,0.18,258060.0,28090578.0,1.077,1.093,1.077,1.087,1.47,13.39,0.97,0.98,92646.0,165414.0,6909774.0,24.6,787661.0,2.8,6122113.0,21.79,-3037742.0,-10.81,-3872032.0,-13.78,24.0,1.088,1.089,192695200.0,209845073,209845073,2024-04-30,2024-04-30 15:59:59+08:00
110,159565,汽车零部件ETF,1.092,1.0886,-0.31,0.002,0.18,23776.0,2597946.7,1.083,1.1,1.083,1.09,1.56,14.3,1.27,-27.17,12186.0,11590.0,182095.0,7.01,0.0,0.0,182095.0,7.01,-156874.0,-6.04,-25221.0,-0.97,100.0,1.09,1.092,16627231.0,18156936,18156936,2024-04-30,2024-04-30 15:34:33+08:00
111,159936,可选消费ETF,1.74,1.7382,-0.1,0.003,0.17,8904.0,1552109.4,1.739,1.755,1.737,1.737,1.04,0.75,0.85,15.03,2419.0,6485.0,64117.0,4.13,0.0,0.0,64117.0,4.13,-14938.0,-0.96,-49178.0,-3.17,-860.0,1.738,1.74,118156094.0,205591604,205591604,2024-04-30,2024-04-30 15:34:57+08:00
112,159760,泰康公卫健康ETF,0.595,0.5963,0.22,0.001,0.17,182670.0,10921595.6,0.591,0.628,0.591,0.594,6.23,9.75,1.07,84.09,109715.0,72955.0,39136.0,0.36,-279003.0,-2.55,318139.0,2.91,-19091.0,-0.17,-20046.0,-0.18,-2850.0,0.592,0.598,187360223.0,111479333,111479333,2024-04-30,2024-04-30 15:34:42+08:00
113,159867,畜牧ETF,0.628,0.6297,0.27,0.001,0.16,272035.0,17183966.496,0.627,0.637,0.625,0.627,1.91,2.06,1.11,-22.22,143627.0,128408.0,2534350.0,14.75,2446424.0,14.24,87926.0,0.51,-1149268.0,-6.69,-1385082.0,-8.06,2492.0,0.627,0.628,1323643600.0,831248181,831248181,2024-04-30,2024-04-30 15:34:12+08:00
114,159938,医药卫生ETF,0.642,0.6415,-0.08,0.001,0.16,531680.0,34160059.8,0.64,0.646,0.638,0.641,1.25,0.71,0.5,-46.19,227320.0,304360.0,1718181.0,5.03,-877767.0,-2.57,2595948.0,7.6,-1029953.0,-3.02,-688230.0,-2.01,329.0,0.641,0.642,7534567168.0,4837192122,4837192122,2024-04-30,2024-04-30 15:35:03+08:00
115,510270,国企ETF,1.287,1.2827,-0.34,0.002,0.16,4008.0,514959.0,1.284,1.29,1.28,1.285,0.78,2.53,0.83,11.38,3171.0,837.0,-29214.0,-5.67,0.0,0.0,-29214.0,-5.67,73703.0,14.31,-44488.0,-8.64,225.0,1.287,1.289,15832100.0,20375913,20375913,2024-04-30,2024-04-30 15:59:34+08:00
116,512530,沪深300红利ETF,1.321,1.3205,-0.04,0.002,0.15,16764.0,2217892.0,1.321,1.329,1.315,1.319,1.06,2.73,0.98,8.52,7809.0,8955.0,207755.0,9.37,0.0,0.0,207755.0,9.37,-137220.0,-6.19,-70535.0,-3.18,100.0,1.319,1.321,61502000.0,81244142,81244142,2024-04-30,2024-04-30 15:59:59+08:00
117,513600,恒生指数ETF,2.025,2.0266,0.08,0.003,0.15,614097.0,124438110.0,2.025,2.037,2.017,2.022,0.99,11.38,1.12,-36.2,297015.0,317082.0,-11676287.0,-9.38,4004580.0,3.22,-15680867.0,-12.6,11170893.0,8.98,505395.0,0.41,-4.0,2.025,2.026,539829504.0,1093154746,1093154746,2024-04-30,2024-04-30 15:59:59+08:00
118,515180,红利ETF易方达,1.355,1.3553,0.02,0.002,0.15,788479.0,106952624.0,1.353,1.364,1.347,1.353,1.26,1.75,1.04,-19.78,174701.0,613778.0,59569072.0,55.7,59814044.0,55.93,-244972.0,-0.23,-57800773.0,-54.04,-1768299.0,-1.65,-99.0,1.355,1.356,4503636992.0,6102428124,6102428124,2024-04-30,2024-04-30 15:59:58+08:00
119,159655,标普ETF,1.362,1.3444,-1.31,0.002,0.15,76333.0,10388034.3,1.36,1.363,1.358,1.36,0.37,3.72,0.67,-55.61,39283.0,37050.0,1438000.0,13.84,2095443.0,20.17,-657443.0,-6.33,-1410818.0,-13.58,-27183.0,-0.26,541.0,1.361,1.362,205143045.0,279404827,279404827,2024-04-30,2024-04-30 15:34:06+08:00
120,513800,日本东证指数ETF,1.376,1.3785,0.18,0.002,0.15,200229.0,27542416.0,1.374,1.379,1.371,1.374,0.58,2.41,0.71,-36.29,115052.0,85177.0,-6573605.0,-23.87,-6741081.0,-24.48,167476.0,0.61,4371585.0,15.87,2202020.0,8.0,-50.0,1.376,1.377,831844400.0,1144617894,1144617894,2024-04-30,2024-04-30 15:59:58+08:00
121,159659,纳斯达克100ETF,1.389,1.3639,-1.84,0.002,0.14,80957.0,11232219.7,1.387,1.389,1.385,1.387,0.29,2.71,0.36,-65.04,57219.0,23738.0,-1818626.0,-16.19,-1536622.0,-13.68,-282004.0,-2.51,-398991.0,-3.55,2217618.0,19.74,1155.0,1.388,1.389,298744064.0,414955505,414955505,2024-04-30,2024-04-30 15:34:21+08:00
122,513520,日经ETF,1.434,1.3538,-5.92,0.002,0.14,1248521.0,180345564.0,1.445,1.455,1.433,1.432,1.54,19.81,1.56,-39.01,574457.0,674064.0,-9327168.0,-5.17,-1657810.0,-0.92,-7669358.0,-4.25,5414341.0,3.0,3912827.0,2.17,-46.0,1.434,1.435,630387200.0,903975245,903975245,2024-04-30,2024-04-30 15:59:58+08:00
123,159862,食品ETF,0.748,0.749,0.13,0.001,0.13,31189.0,2346761.3,0.751,0.757,0.747,0.747,1.34,4.95,0.86,-1.88,10499.0,20690.0,100825.0,4.3,0.0,0.0,100825.0,4.3,-62055.0,-2.64,-38770.0,-1.65,-9.0,0.748,0.749,63000623.0,47124466,47124466,2024-04-30,2024-04-30 15:34:48+08:00
124,562900,现代农业ETF,0.76,0.7595,-0.07,0.001,0.13,124241.0,9495295.0,0.757,0.768,0.757,0.759,1.45,16.2,1.15,65.61,79139.0,45102.0,-104345.0,-1.1,0.0,0.0,-104345.0,-1.1,189549.0,2.0,-85205.0,-0.9,600.0,0.759,0.761,76706300.0,58296788,58296788,2024-04-30,2024-04-30 16:00:00+08:00
125,515080,中证红利ETF,1.521,1.5203,-0.05,0.002,0.13,802901.0,122261780.0,1.516,1.53,1.512,1.519,1.18,2.41,0.55,14.95,413532.0,389369.0,1193694.0,0.98,3966456.0,3.24,-2772762.0,-2.27,1249751.0,1.02,-2443445.0,-2.0,-50.0,1.521,1.522,3326148896.0,5059072471,5059072471,2024-04-30,2024-04-30 16:00:00+08:00
126,159717,ESGETF,0.816,0.8148,-0.15,0.001,0.12,24687.0,2016955.6,0.816,0.819,0.816,0.815,0.37,4.09,0.87,85.87,10581.0,14106.0,-14469.0,-0.72,0.0,0.0,-14469.0,-0.72,-6119.0,-0.3,20589.0,1.02,6.0,0.808,0.816,60373183.0,49264517,49264517,2024-04-30,2024-04-30 15:34:48+08:00
127,513300,纳斯达克ETF,1.638,1.6164,-1.34,0.002,0.12,1182501.0,193697465.0,1.637,1.641,1.636,1.636,0.31,4.79,0.84,-25.74,653969.0,528532.0,5023792.0,2.59,2561233.0,1.32,2462559.0,1.27,-2538360.0,-1.31,-2485432.0,-1.28,-7.0,1.638,1.639,2467421008.0,4041635611,4041635611,2024-04-30,2024-04-30 15:59:57+08:00
128,159672,主要消费ETF,0.836,0.838,0.24,0.001,0.12,85761.0,7206137.437,0.841,0.846,0.836,0.835,1.2,8.34,0.82,-38.96,41910.0,43851.0,-13939.0,-0.19,0.0,0.0,-13939.0,-0.19,86325.0,1.2,-72386.0,-1.0,-2.0,0.836,0.837,102887409.0,86013874,86013874,2024-04-30,2024-04-30 15:34:12+08:00
129,159689,消费ETF南方,0.837,0.8382,0.14,0.001,0.12,36216.0,3045944.08,0.841,0.846,0.837,0.836,1.08,6.94,0.64,90.53,17814.0,18402.0,173349.0,5.69,-421000.0,-13.82,594349.0,19.51,-176534.0,-5.8,3187.0,0.1,-100.0,0.836,0.84,52147787.0,43647698,43647698,2024-04-30,2024-04-30 15:34:21+08:00
130,510030,价值ETF,0.851,0.849,-0.24,0.001,0.12,19247.0,1636606.0,0.853,0.855,0.848,0.85,0.82,1.19,0.57,20.65,10130.0,9117.0,-255005.0,-15.58,-275002.0,-16.8,19997.0,1.22,245751.0,15.02,9253.0,0.57,6.0,0.849,0.85,161729800.0,137632060,137632060,2024-04-30,2024-04-30 15:59:44+08:00
131,512190,浙商之江凤凰ETF,1.708,1.727,1.1,0.002,0.12,283.0,48554.0,1.71,1.719,1.708,1.706,0.64,0.07,1.19,-58.84,11.0,272.0,0.0,0.0,0.0,0.0,0.0,0.0,0.0,0.0,0.0,0.0,-7.0,1.707,1.716,39118400.0,66814227,66814227,2024-04-30,2024-04-30 16:00:00+08:00
132,159698,粮食ETF,0.859,0.8589,-0.01,0.001,0.12,46886.0,4040162.081,0.858,0.865,0.857,0.858,0.93,1.79,0.81,12.51,23302.0,23583.0,955503.0,23.65,987147.0,24.43,-31644.0,-0.78,-682975.0,-16.9,-272527.0,-6.75,40.0,0.858,0.859,262444378.0,225439721,225439721,2024-04-30,2024-04-30 15:34:24+08:00
133,159928,消费ETF,0.88,0.8797,-0.03,0.001,0.11,1409817.0,124584705.4,0.883,0.89,0.878,0.879,1.37,1.37,1.09,23.82,757514.0,652303.0,-3179231.0,-2.55,-19909435.0,-15.98,16730204.0,13.43,4028831.0,3.23,-849600.0,-0.68,-2113.0,0.88,0.881,10292628992.0,9057513513,9057513513,2024-04-30,2024-04-30 15:34:24+08:00
134,159666,交通运输ETF,0.902,0.9021,0.01,0.001,0.11,69368.0,6263641.8,0.896,0.906,0.896,0.901,1.11,7.72,1.06,-11.25,32515.0,36853.0,-201393.0,-3.22,0.0,0.0,-201393.0,-3.22,140378.0,2.24,61015.0,0.97,8.0,0.901,0.902,89832905.0,81029280,81029280,2024-04-30,2024-04-30 15:34:27+08:00
135,510170,大宗商品ETF,0.908,0.9068,-0.13,0.001,0.11,35718.0,3249332.0,0.906,0.916,0.904,0.907,1.32,1.34,0.46,29.04,19101.0,16617.0,373983.0,11.51,276455.0,8.51,97528.0,3.0,-300435.0,-9.25,-73548.0,-2.26,220.0,0.907,0.908,266914800.0,242358638,242358638,2024-04-30,2024-04-30 15:59:40+08:00
136,159662,交运ETF,0.937,0.9373,0.03,0.001,0.11,145547.0,13662941.2,0.932,0.943,0.932,0.936,1.18,17.94,1.1,-44.99,75224.0,70323.0,141830.0,1.04,-93.0,0.0,141923.0,1.04,-168151.0,-1.23,26322.0,0.19,1.0,0.935,0.937,81113946.0,76003767,76003767,2024-04-30,2024-04-30 15:34:24+08:00
137,560680,消费ETF龙头,0.959,0.9591,0.01,0.001,0.1,165926.0,15996165.0,0.963,0.97,0.958,0.958,1.25,31.17,1.12,-0.94,91872.0,74054.0,-14994.0,-0.09,-97278.0,-0.61,82284.0,0.51,60424.0,0.38,-45431.0,-0.28,2600.0,0.958,0.959,53225600.0,51043350,51043350,2024-04-30,2024-04-30 16:00:00+08:00
138,159307,红利低波100ETF,0.994,0.9927,-0.13,0.001,0.1,35183.0,3498838.059,0.988,0.997,0.988,0.993,0.91,1.34,0.22,-69.78,8664.0,26519.0,-197365.0,-5.64,-352705.0,-10.08,155340.0,4.44,134365.0,3.84,63000.0,1.8,100.0,0.992,0.993,261903552.0,260332131,260332131,2024-04-30,2024-04-30 15:34:39+08:00
139,159697,油气ETF,1.052,1.0549,0.27,0.001,0.1,88758.0,9370619.495,1.049,1.064,1.047,1.051,1.62,12.15,0.69,28.03,49055.0,39703.0,226362.0,2.42,-527000.0,-5.62,753362.0,8.04,-149412.0,-1.59,-76949.0,-0.82,-34.0,1.052,1.053,73022006.0,76819150,76819150,2024-04-30,2024-04-30 15:34:39+08:00
140,560020,红利ETF添富,1.065,1.0644,-0.06,0.001,0.09,27530.0,2937129.0,1.062,1.072,1.062,1.064,0.94,5.91,1.0,-23.82,21555.0,5975.0,-65668.0,-2.24,328570.0,11.19,-394238.0,-13.42,39637.0,1.35,26030.0,0.89,803.0,1.064,1.065,46562000.0,49588530,49588530,2024-04-30,2024-04-30 16:00:00+08:00
141,510660,医药卫生ETF,2.143,2.1432,0.01,0.002,0.09,13053.0,2799284.0,2.141,2.156,2.13,2.141,1.21,2.73,0.99,-32.93,4903.0,8150.0,-191080.0,-6.83,0.0,0.0,-191080.0,-6.83,190323.0,6.8,756.0,0.03,-351.0,2.143,2.144,47879700.0,102606197,102606197,2024-04-30,2024-04-30 15:59:53+08:00
142,510760,上证综指ETF,1.082,1.0817,-0.03,0.001,0.09,991830.0,107441653.0,1.081,1.087,1.08,1.081,0.65,8.29,1.08,-7.67,487736.0,504094.0,8887406.0,8.27,11863448.0,11.04,-2976042.0,-2.77,-6112381.0,-5.69,-2775025.0,-2.58,700.0,1.081,1.082,1196503696.0,1294616999,1294616999,2024-04-30,2024-04-30 15:59:59+08:00
143,560280,工程机械ETF,1.159,1.1566,-0.21,0.001,0.09,153758.0,17802660.0,1.156,1.165,1.145,1.158,1.73,21.28,1.13,48.8,76941.0,76817.0,-1514248.0,-8.51,-64380.0,-0.36,-1449868.0,-8.14,924144.0,5.19,590105.0,3.31,5.0,1.158,1.159,72252000.0,83740068,83740068,2024-04-30,2024-04-30 15:59:59+08:00
144,159990,小盘价值ETF,1.267,1.2677,0.06,0.001,0.08,27189.0,3450882.9,1.267,1.273,1.264,1.266,0.71,9.09,0.43,-45.48,14925.0,12264.0,-3371.0,-0.1,0.0,0.0,-3371.0,-0.1,-13552.0,-0.39,16923.0,0.49,1000.0,1.265,1.267,29919629.0,37908170,37908170,2024-04-30,2024-04-30 15:34:39+08:00
145,513100,纳指ETF,1.299,1.2754,-1.85,0.001,0.08,3930134.0,510410268.0,1.297,1.301,1.297,1.298,0.31,4.3,0.81,15.86,2170137.0,1759996.0,3280613.0,0.64,-3194272.0,-0.63,6474885.0,1.27,-1697068.0,-0.33,-1583547.0,-0.31,23531.0,1.298,1.299,9132110592.0,11862611659,11862611659,2024-04-30,2024-04-30 15:59:58+08:00
146,513880,日经225ETF,1.305,1.2834,-1.68,0.001,0.08,1027839.0,134539868.0,1.314,1.318,1.298,1.304,1.53,6.55,1.05,-36.87,511400.0,516439.0,-18054556.0,-13.42,-15081300.0,-11.21,-2973256.0,-2.21,8323770.0,6.19,9730784.0,7.23,500.0,1.304,1.305,1569470000.0,2048158350,2048158350,2024-04-30,2024-04-30 15:59:59+08:00
147,159509,纳指科技ETF,1.317,1.2334,-6.78,0.001,0.08,2489028.0,326548022.2,1.31,1.317,1.305,1.316,0.91,4.25,0.43,-3.81,1339747.0,1149281.0,987280.0,0.3,7625515.0,2.34,-6638235.0,-2.03,-9269146.0,-2.84,8281867.0,2.54,-55190.0,1.317,1.318,5858564096.0,7715728914,7715728914,2024-04-30,2024-04-30 15:34:48+08:00
148,513650,标普500ETF基金,1.331,1.309,-1.68,0.001,0.08,95284.0,12675826.0,1.33,1.331,1.329,1.33,0.15,1.4,0.28,-47.27,45254.0,50030.0,560913.0,4.43,-1399869.0,-11.04,1960782.0,15.47,-502576.0,-3.96,-58338.0,-0.46,486.0,1.33,1.331,679734000.0,904725954,904725954,2024-04-30,2024-04-30 15:59:57+08:00
149,513660,恒生ETF,2.119,2.1217,0.13,0.001,0.05,561449.0,119095946.0,2.123,2.132,2.11,2.118,1.04,3.18,0.48,5.08,299065.0,262384.0,4565191.0,3.83,7496206.0,6.29,-2931015.0,-2.46,-4658835.0,-3.91,93643.0,0.08,-1.0,2.119,2.12,1764000096.0,3737916203,3737916203,2024-04-30,2024-04-30 15:59:57+08:00
150,511620,货币基金ETF,100.038,,,0.037,0.04,1916.0,19171239.0,100.017,100.044,100.017,100.001,0.03,13.97,2.7,-11.51,1298.0,618.0,1903545.0,9.93,3839679.0,20.03,-1936134.0,-10.1,-1331840.0,-6.95,-571706.0,-2.98,-4.0,100.038,100.044,1372200.0,137272144,137272144,2024-04-30,2024-04-30 15:59:49+08:00
151,511980,现金添富ETF,100.058,,,0.036,0.04,50.0,501995.0,100.055,100.06,100.055,100.022,0.0,1.88,6.6,-82.23,32.0,18.0,-88556.0,-17.64,-220132.0,-43.85,131576.0,26.21,140282.0,27.94,-51727.0,-10.3,-3.0,100.058,100.06,266400.0,26655451,26655451,2024-04-30,2024-04-30 15:59:43+08:00
152,511830,华泰货币ETF,100.025,,,0.035,0.04,53.0,528779.0,100.01,100.028,100.001,99.99,0.03,5.35,1.27,54.08,11.0,42.0,98517.0,18.63,40008.0,7.57,58509.0,11.06,-98508.0,-18.63,-9.0,0.0,-5.0,100.017,100.025,98900.0,9892473,9892473,2024-04-30,2024-04-30 15:59:51+08:00
153,511880,银华日利ETF,100.705,,,0.033,0.03,1511504.0,15221406006.0,100.698,100.712,100.696,100.672,0.02,18.33,0.93,38.91,847867.0,663637.0,57597200.0,0.38,1748224.0,0.01,55848976.0,0.37,-41713440.0,-0.27,-15883822.0,-0.1,-372.0,100.705,100.706,824492208.0,83030487807,83030487807,2024-04-30,2024-04-30 15:59:47+08:00
154,511850,财富宝ETF,100.027,,,0.032,0.03,43928.0,439386364.0,100.02,100.029,100.017,99.995,0.01,18.81,1.82,-43.05,30933.0,12995.0,2767949.0,0.63,-49275392.0,-11.21,52043341.0,11.84,-1846218.0,-0.42,-921730.0,-0.21,3.0,100.025,100.027,23354600.0,2336090574,2336090574,2024-04-30,2024-04-30 15:59:59+08:00
155,511660,货币ETF建信添益,100.022,,,0.029,0.03,151783.0,1518139347.0,100.015,100.025,100.015,99.993,0.01,9.58,1.3,-85.15,89413.0,62370.0,13306510.0,0.88,-46742160.0,-3.08,60048670.0,3.96,-8032933.0,-0.53,-5273577.0,-0.35,-10.0,100.022,100.023,158372700.0,15840754199,15840754199,2024-04-30,2024-04-30 15:59:43+08:00
156,511700,场内货币ETF,100.036,,,0.029,0.03,3768.0,37690138.0,100.012,100.037,100.012,100.007,0.02,5.93,1.03,-17.59,2488.0,1280.0,3246658.0,8.61,5263665.0,13.97,-2017007.0,-5.35,-1199378.0,-3.18,-2047281.0,-5.43,2.0,100.033,100.036,6351000.0,635328636,635328636,2024-04-30,2024-04-30 15:59:52+08:00
157,511990,华宝添益ETF,100.018,,,0.025,0.03,1976340.0,19767438071.0,100.015,100.026,100.014,99.993,0.01,24.47,1.06,-81.39,1084175.0,892164.0,72628816.0,0.37,90470400.0,0.46,-17841584.0,-0.09,-43504416.0,-0.22,-29124358.0,-0.15,-20.0,100.018,100.019,807498800.0,80764414978,80764414978,2024-04-30,2024-04-30 15:59:55+08:00
158,511820,鹏华添利ETF,100.022,,,0.023,0.02,51.0,510224.0,100.089,100.089,100.016,99.999,0.07,0.89,1.52,28.79,23.0,28.0,-10003.0,-1.96,0.0,0.0,-10003.0,-1.96,-90018.0,-17.64,100020.0,19.6,1.0,100.019,100.028,573000.0,57312606,57312606,2024-04-30,2024-04-30 15:59:51+08:00
159,511600,货币ETF,100.023,,,0.023,0.02,281.0,2814149.0,100.052,100.143,100.013,100.0,0.13,14.47,5.11,11.94,121.0,160.0,42710.0,1.52,-687471.0,-24.43,730181.0,25.95,-182925.0,-6.5,140216.0,4.98,-2.0,100.021,100.026,194400.0,19444471,19444471,2024-04-30,2024-04-30 15:59:54+08:00
160,511900,富国货币ETF,100.027,,,0.022,0.02,4589.0,45896152.0,100.01,100.029,100.01,100.005,0.02,11.3,3.13,20.69,2633.0,1956.0,-509839.0,-1.11,-4525625.0,-9.86,4015786.0,8.75,569947.0,1.24,-60108.0,-0.13,-5.0,100.023,100.071,4059900.0,406099617,406099617,2024-04-30,2024-04-30 15:59:49+08:00
161,511860,保证金货币ETF,100.025,,,0.021,0.02,637.0,6371360.0,100.01,100.025,100.008,100.004,0.02,16.46,1.44,-29.68,135.0,502.0,-29691.0,-0.47,3511061.0,55.11,-3540752.0,-55.57,60001.0,0.94,-30310.0,-0.48,5.0,100.024,100.025,386900.0,38699673,38699673,2024-04-30,2024-04-30 16:00:00+08:00
162,511690,交易货币ETF,100.027,,,0.021,0.02,2204.0,22044426.0,100.013,100.027,100.013,100.006,0.01,2.23,1.42,-45.24,1177.0,1027.0,1422799.0,6.45,1649497.0,7.48,-226698.0,-1.03,-921493.0,-4.18,-501306.0,-2.27,5.0,100.023,100.027,9897600.0,990027235,990027235,2024-04-30,2024-04-30 15:59:36+08:00
163,511810,理财金货币ETF,100.027,,,0.019,0.02,2530.0,25305951.0,100.012,100.028,100.012,100.008,0.02,3.15,1.64,28.09,1286.0,1244.0,808168.0,3.19,774825.0,3.06,33343.0,0.13,184176.0,0.73,-992344.0,-3.92,1.0,100.027,100.029,8026800.0,802896724,802896724,2024-04-30,2024-04-30 15:59:47+08:00
164,511930,国联日盈货币ETF,100.018,,,0.01,0.01,30.0,300845.0,100.01,100.02,100.01,100.008,0.01,10.67,1.03,76.99,10.0,20.0,150519.0,50.03,0.0,0.0,150519.0,50.03,-100311.0,-33.34,-50208.0,-16.69,-2.0,100.018,100.022,28200.0,2820508,2820508,2024-04-30,2024-04-30 15:59:59+08:00
165,511670,华泰天天金ETF,100.012,,,0.006,0.01,77.0,771283.0,100.022,100.048,100.012,100.006,0.04,9.1,3.54,-44.71,28.0,49.0,-30006.0,-3.89,0.0,0.0,-30006.0,-3.89,41003.0,5.32,-10997.0,-1.43,-2.0,100.012,100.035,84700.0,8471016,8471016,2024-04-30,2024-04-30 15:59:59+08:00
166,511800,易方达货币ETF,100.054,,,0.005,0.0,467.0,4671141.0,100.057,100.285,100.025,100.049,0.26,3.2,1.21,-39.11,100.0,367.0,-443943.0,-9.5,-404431.0,-8.66,-39512.0,-0.85,586371.0,12.55,-142428.0,-3.05,-3.0,100.054,100.055,1458000.0,145878732,145878732,2024-04-30,2024-04-30 15:59:44+08:00
167,159005,汇添富快钱ETF,100.004,,,0.003,0.0,1840.0,18399549.185,100.0,100.005,99.999,100.001,0.01,19.49,1.39,96.9,1608.0,232.0,-332307.0,-1.81,1878507.0,10.21,-2210814.0,-12.02,213503.0,1.16,118804.0,0.65,0.0,100.002,100.008,944000.0,94403776,94403776,2024-04-30,2024-04-30 15:34:36+08:00
168,511920,广发货币ETF,100.015,,,0.003,0.0,118.0,1182425.0,100.079,100.387,100.015,100.012,0.37,15.88,7.07,-60.55,25.0,93.0,130053.0,11.0,0.0,0.0,130053.0,11.0,100413.0,8.49,-230466.0,-19.49,-1.0,100.014,100.069,74400.0,7441116,7441116,2024-04-30,2024-04-30 15:59:56+08:00
169,159003,招商快线ETF,100.0,,,0.001,0.0,2957.0,29570940.9,99.999,100.001,99.999,99.999,0.0,15.91,1.58,39.2,2128.0,829.0,-465217.0,-1.57,2846529.0,9.63,-3311746.0,-11.2,933718.0,3.16,-468500.0,-1.58,-139.0,100.0,100.001,1858370.0,185837000,185837000,2024-04-30,2024-04-30 15:34:36+08:00
170,563280,A50增强ETF,1.027,1.0237,-0.32,0.0,0.0,38967.0,4004146.0,1.02,1.031,1.02,1.027,1.07,9.69,0.49,-0.86,19237.0,19730.0,666124.0,16.64,287958.0,7.19,378166.0,9.44,-545756.0,-13.63,-120368.0,-3.01,190.0,1.025,1.027,40206600.0,41292178,41292178,2024-04-30,2024-04-30 15:59:59+08:00
171,562860,生物疫苗ETF,0.677,0.6772,0.03,0.0,0.0,86299.0,5833516.0,0.676,0.68,0.672,0.677,1.18,1.66,0.7,4.46,36135.0,50164.0,249227.0,4.27,0.0,0.0,249227.0,4.27,-281044.0,-4.82,31818.0,0.55,50.0,0.675,0.677,520895008.0,352645920,352645920,2024-04-30,2024-04-30 15:59:58+08:00
172,561920,疫苗龙头ETF,0.713,0.7129,-0.01,0.0,0.0,530.0,37745.0,0.708,0.714,0.708,0.713,0.84,0.15,0.03,-24.31,507.0,23.0,32320.0,85.63,0.0,0.0,32320.0,85.63,-34176.0,-90.54,1856.0,4.92,8.0,0.711,0.713,34692000.0,24735396,24735396,2024-04-30,2024-04-30 15:59:59+08:00
173,561200,中证100ETF工银,1.07,1.066,-0.38,0.0,0.0,20.0,2139.0,1.069,1.07,1.069,1.07,0.09,0.0,,-0.64,10.0,10.0,2139.0,100.0,0.0,0.0,2139.0,100.0,0.0,0.0,-2139.0,-100.0,10.0,1.062,1.065,55470500.0,59353435,59353435,2024-04-30,2024-04-30 15:59:58+08:00
174,561130,国货ETF,0.723,0.7226,-0.06,0.0,0.0,209975.0,15258222.0,0.722,0.729,0.722,0.723,0.97,6.82,1.04,15.99,117420.0,92555.0,-310544.0,-2.04,-358925.0,-2.35,48381.0,0.32,366354.0,2.4,-55810.0,-0.37,20.0,0.722,0.723,307935200.0,222637150,222637150,2024-04-30,2024-04-30 15:59:57+08:00
175,517760,消费TOPETF,0.848,,,0.0,0.0,,,,,,0.848,0.0,0.0,,0.0,,,,,,,,,,,,,,,,3552600.0,3012605,3012605,2024-04-30,2024-04-30 15:59:32+08:00
176,517350,中概科技ETF,0.554,0.5532,-0.14,0.0,0.0,20603.0,1138238.0,0.554,0.554,0.55,0.554,0.72,1.17,1.55,31.22,13117.0,7486.0,36282.0,3.19,-275775.0,-24.23,312057.0,27.42,-350.0,-0.03,-35931.0,-3.16,20.0,0.552,0.554,176542000.0,97804268,97804268,2024-04-30,2024-04-30 15:59:59+08:00
177,517300,沪港深300ETF,0.674,0.6757,0.25,0.0,0.0,8532.0,576263.0,0.679,0.679,0.673,0.674,0.89,0.03,0.3,-6.51,4329.0,4203.0,103313.0,17.93,0.0,0.0,103313.0,17.93,-40949.0,-7.11,-62365.0,-10.82,210.0,0.673,0.674,2865434496.0,1931302850,1931302850,2024-04-30,2024-04-30 15:59:58+08:00
178,517270,沪港深科技TOPETF,0.663,,,0.0,0.0,,,,,,0.663,0.0,0.0,,0.0,,,,,,,,,,,,,,,,17091600.0,11331731,11331731,2024-04-30,2024-04-30 15:59:38+08:00
179,516900,食品饮料ETF基金,0.677,0.6774,0.06,0.0,0.0,104019.0,7068510.0,0.678,0.685,0.676,0.677,1.33,21.79,1.25,-40.21,61467.0,42552.0,-329245.0,-4.66,0.0,0.0,-329245.0,-4.66,126694.0,1.79,202550.0,2.87,-20.0,0.677,0.678,47729000.0,32312533,32312533,2024-04-30,2024-04-30 15:59:58+08:00
180,516790,医疗保健ETF,0.595,0.5957,0.12,0.0,0.0,46838.0,2793168.0,0.597,0.6,0.594,0.595,1.01,2.35,1.28,-25.02,27430.0,19408.0,115424.0,4.13,581979.0,20.84,-466555.0,-16.7,-75632.0,-2.71,-39793.0,-1.42,-1.0,0.595,0.596,199582200.0,118751409,118751409,2024-04-30,2024-04-30 16:00:00+08:00
181,516760,养殖ETF,0.656,0.6565,0.08,0.0,0.0,60546.0,3996611.0,0.656,0.664,0.653,0.656,1.68,2.43,0.82,-31.54,34499.0,26047.0,263991.0,6.61,-132927.0,-3.33,396918.0,9.93,-158121.0,-3.96,-105870.0,-2.65,199.0,0.655,0.658,249215100.0,163485106,163485106,2024-04-30,2024-04-30 16:00:00+08:00
182,516260,物联网50ETF,0.713,0.7114,-0.22,0.0,0.0,40233.0,2874264.0,0.715,0.717,0.71,0.713,0.98,2.8,1.1,4.49,23068.0,17165.0,51016.0,1.77,1363020.0,47.42,-1312004.0,-45.65,-52017.0,-1.81,1001.0,0.03,-84.0,0.71,0.713,143882600.0,102588294,102588294,2024-04-30,2024-04-30 15:59:58+08:00
183,515920,智能消费ETF,0.705,0.7057,0.1,0.0,0.0,142783.0,10108012.0,0.705,0.71,0.705,0.705,0.71,5.18,1.04,-3.01,72278.0,70505.0,316304.0,3.13,0.0,0.0,316304.0,3.13,-213303.0,-2.11,-103000.0,-1.02,1.0,0.703,0.704,275905696.0,194513516,194513516,2024-04-30,2024-04-30 15:59:58+08:00
184,515780,浦银MSCI中国ETF,1.219,1.216,-0.25,0.0,0.0,201.0,24532.0,1.221,1.221,1.219,1.219,0.16,0.14,0.15,-0.02,200.0,1.0,-24289.0,-99.01,0.0,0.0,-24289.0,-99.01,0.0,0.0,24289.0,99.01,-1.0,1.214,1.216,14785200.0,18023159,18023159,2024-04-30,2024-04-30 15:59:58+08:00
185,515670,中银中证100ETF,0.904,,,0.0,0.0,,,,,,0.904,0.0,0.0,,0.0,,,,,,,,,,,,,,,,37822500.0,34191540,34191540,2024-04-30,2024-04-30 15:59:41+08:00
186,515170,食品饮料ETF,0.634,0.6347,0.11,0.0,0.0,727628.0,46421321.0,0.637,0.643,0.633,0.634,1.58,1.56,0.71,-32.61,369463.0,358165.0,2695181.0,5.81,3082667.0,6.64,-387486.0,-0.83,-2146097.0,-4.62,-549084.0,-1.18,-123.0,0.634,0.635,4653257984.0,2950165562,2950165562,2024-04-30,2024-04-30 15:59:59+08:00
187,515120,创新药ETF,0.524,0.5241,0.02,0.0,0.0,1414745.0,74104680.0,0.523,0.528,0.519,0.524,1.72,2.34,0.73,-14.66,691015.0,723730.0,-80333.0,-0.11,1523436.0,2.06,-1603769.0,-2.16,-194639.0,-0.26,274972.0,0.37,100.0,0.523,0.524,6044993536.0,3167576613,3167576613,2024-04-30,2024-04-30 16:00:00+08:00
188,515110,一带一路国企ETF,1.287,1.2871,0.01,0.0,0.0,38429.0,4960483.0,1.286,1.296,1.286,1.287,0.78,1.69,0.94,-15.19,27242.0,11187.0,262176.0,5.29,1292780.0,26.06,-1030604.0,-20.78,-122517.0,-2.47,-139660.0,-2.82,35.0,1.286,1.287,227295000.0,292528665,292528665,2024-04-30,2024-04-30 15:59:58+08:00
189,515100,红利低波100ETF,1.372,1.3696,-0.18,0.0,0.0,616468.0,84514952.0,1.369,1.377,1.365,1.372,0.87,1.06,0.52,28.19,303353.0,313115.0,11631308.0,13.76,9802933.0,11.6,1828375.0,2.16,-14013793.0,-16.58,2382485.0,2.82,85.0,1.371,1.372,5829941504.0,7998679743,7998679743,2024-04-30,2024-04-30 15:59:59+08:00
190,513870,纳指ETF富国,1.219,1.2043,-1.22,0.0,0.0,89785.0,10950534.0,1.219,1.221,1.217,1.219,0.33,3.78,0.85,-39.35,39593.0,50192.0,-476037.0,-4.35,585588.0,5.35,-1061625.0,-9.69,353440.0,3.23,122599.0,1.12,-90.0,1.219,1.22,237671000.0,289720949,289720949,2024-04-30,2024-04-30 15:59:58+08:00
191,513110,纳斯达克100ETF,1.49,1.4642,-1.76,0.0,0.0,122960.0,18315994.0,1.489,1.491,1.488,1.49,0.2,2.25,0.45,10.31,53481.0,69479.0,526339.0,2.87,144521.0,0.79,381818.0,2.08,-1152278.0,-6.29,625938.0,3.42,-689.0,1.49,1.491,547435008.0,815678162,815678162,2024-04-30,2024-04-30 16:00:00+08:00
192,512550,A50ETF基金,1.377,1.3746,-0.17,0.0,0.0,55603.0,7678515.0,1.378,1.386,1.376,1.377,0.73,2.62,0.93,51.74,25107.0,30496.0,17913.0,0.23,0.0,0.0,17913.0,0.23,50413.0,0.66,-68326.0,-0.89,30.0,1.376,1.377,211906000.0,291794562,291794562,2024-04-30,2024-04-30 15:59:58+08:00
193,512360,平安MSCI国际ETF,1.39,1.3859,-0.3,0.0,0.0,73.0,10147.0,1.39,1.39,1.39,1.39,0.0,0.01,0.09,-1.49,3.0,70.0,10147.0,100.0,0.0,0.0,10147.0,100.0,0.0,0.0,-10147.0,-100.0,-70.0,1.384,1.387,54337700.0,75529403,75529403,2024-04-30,2024-04-30 15:59:58+08:00
194,512120,医药50ETF,0.416,0.4166,0.14,0.0,0.0,272366.0,11346715.0,0.417,0.42,0.414,0.416,1.44,3.35,0.9,-25.35,131090.0,141276.0,112410.0,0.99,-55909.0,-0.49,168319.0,1.48,-65723.0,-0.58,-46688.0,-0.41,-14.0,0.416,0.417,814241904.0,338724632,338724632,2024-04-30,2024-04-30 16:00:00+08:00
195,511910,融通货币ETF,100.0,,,0.0,0.0,,,,,,100.0,0.0,0.0,,7.82,,,,,,,,,,,,,,100.0,100.08,25500.0,2550000,2550000,2024-04-30,2024-04-30 15:59:46+08:00
196,511770,金鹰增益货币ETF,100.0,,,0.0,0.0,32.0,320220.0,100.0,100.02,100.0,100.0,0.02,14.55,3.2,21.99,14.0,18.0,80000.0,24.98,0.0,0.0,80000.0,24.98,-59992.0,-18.73,-20008.0,-6.25,-10.0,100.0,100.035,22000.0,2200000,2200000,2024-04-30,2024-04-30 15:59:43+08:00
197,510150,消费ETF,0.532,0.5315,-0.09,0.0,0.0,398598.0,21249727.0,0.529,0.536,0.529,0.532,1.32,2.24,1.09,-40.41,181289.0,217309.0,2046317.0,9.63,4316312.0,20.31,-2269995.0,-10.68,-1629846.0,-7.67,-416470.0,-1.96,280.0,0.531,0.532,1779178608.0,946523019,946523019,2024-04-30,2024-04-30 15:59:33+08:00
198,510090,ESGETF基金,2.23,2.227,-0.13,0.0,0.0,256.0,57097.0,2.248,2.248,2.23,2.23,0.81,0.08,1.98,-1.25,5.0,251.0,55527.0,97.25,0.0,0.0,55527.0,97.25,-55750.0,-97.64,223.0,0.39,-1.0,2.227,2.229,31581100.0,70425853,70425853,2024-04-30,2024-04-30 15:59:39+08:00
199,159960,恒生中国企业ETF,0.706,0.7079,0.27,0.0,0.0,37951.0,2692735.3,0.707,0.713,0.705,0.706,1.13,0.64,0.42,35.35,19367.0,18584.0,133770.0,4.97,0.0,0.0,133770.0,4.97,-140705.0,-5.23,6935.0,0.26,-27.0,0.706,0.708,596573968.0,421181221,421181221,2024-04-30,2024-04-30 15:34:21+08:00
200,159954,H股ETF,0.698,0.6982,0.03,0.0,0.0,189943.0,13274499.5,0.698,0.703,0.693,0.698,1.43,5.36,1.07,-92.34,125326.0,64617.0,380429.0,2.87,1267205.0,9.55,-886776.0,-6.68,-406392.0,-3.06,25963.0,0.2,-87.0,0.698,0.699,354105088.0,247165351,247165351,2024-04-30,2024-04-30 15:34:21+08:00
201,159913,深价值ETF,2.031,2.0299,-0.05,0.0,0.0,97.0,19739.4,2.037,2.042,2.031,2.031,0.54,0.04,0.75,-23.96,5.0,92.0,0.0,0.0,0.0,0.0,0.0,0.0,5521.0,27.97,-5521.0,-27.97,-30.0,2.026,2.032,27129693.0,55100406,55100406,2024-04-30,2024-04-30 15:34:45+08:00
202,159877,医疗产业ETF,0.607,0.6081,0.18,0.0,0.0,37263.0,2268422.4,0.606,0.611,0.606,0.607,0.82,2.83,0.65,51.5,22578.0,14685.0,168894.0,7.45,0.0,0.0,168894.0,7.45,-124855.0,-5.5,-44039.0,-1.94,-50.0,0.607,0.61,131792292.0,79997921,79997921,2024-04-30,2024-04-30 15:34:54+08:00
203,159865,养殖ETF,0.622,0.6243,0.37,0.0,0.0,3594690.0,224573591.866,0.618,0.631,0.618,0.622,2.09,4.43,1.56,5.92,1197053.0,2397637.0,2497981.0,1.11,24670462.0,10.99,-22172481.0,-9.87,463101.0,0.21,-2961082.0,-1.32,5657.0,0.621,0.622,8119455744.0,5050301473,5050301473,2024-04-30,2024-04-30 15:34:06+08:00
204,159843,食品饮料ETF,0.709,0.7092,0.03,0.0,0.0,126667.0,9016462.3,0.709,0.717,0.708,0.709,1.27,4.54,0.4,-94.2,35791.0,90876.0,275793.0,3.06,13460.0,0.15,262333.0,2.91,-208336.0,-2.31,-67457.0,-0.75,115.0,0.708,0.709,278955136.0,197779191,197779191,2024-04-30,2024-04-30 15:34:36+08:00
205,159835,创新药50ETF,0.55,0.5485,-0.27,0.0,0.0,114191.0,6274061.6,0.547,0.554,0.545,0.55,1.64,7.25,2.84,18.9,67056.0,47135.0,-15989.0,-0.25,-919836.0,-14.66,903847.0,14.41,49521.0,0.79,-33533.0,-0.53,69.0,0.55,0.551,157504143.0,86627279,86627279,2024-04-30,2024-04-30 15:34:33+08:00
206,159827,农业50ETF,0.743,0.7444,0.19,0.0,0.0,43744.0,3268436.4,0.743,0.75,0.742,0.743,1.08,3.0,1.56,33.5,18807.0,24937.0,204810.0,6.27,711371.0,21.76,-506561.0,-15.5,-47924.0,-1.47,-156885.0,-4.8,-6.0,0.743,0.744,145716463.0,108267332,108267332,2024-04-30,2024-04-30 15:34:57+08:00
207,159735,港股消费ETF,0.577,0.5854,1.43,0.0,0.0,116207.0,6729312.416,0.578,0.583,0.574,0.577,1.56,5.74,0.78,-63.8,48117.0,68090.0,-69579.0,-1.03,690656.0,10.26,-760235.0,-11.3,-10160.0,-0.15,79739.0,1.18,-300.0,0.577,0.578,202561371.0,116877911,116877911,2024-04-30,2024-04-30 15:35:03+08:00
208,159701,物联网ETF招商,0.681,0.6779,-0.46,0.0,0.0,59345.0,4041827.6,0.681,0.684,0.677,0.681,1.03,17.1,1.33,-34.33,21518.0,37827.0,3652.0,0.09,0.0,0.0,3652.0,0.09,0.0,0.0,-3652.0,-0.09,2.0,0.675,0.682,34705601.0,23634514,23634514,2024-04-30,2024-04-30 15:34:42+08:00
209,159687,亚太精选ETF,1.183,1.1971,1.18,0.0,0.0,55235.0,6541079.4,1.191,1.191,1.176,1.183,1.27,7.47,0.84,14.27,26810.0,28425.0,-1346317.0,-20.58,-594674.0,-9.09,-751643.0,-11.49,1025388.0,15.68,320928.0,4.91,355.0,1.182,1.183,73928658.0,87457602,87457602,2024-04-30,2024-04-30 15:34:18+08:00
210,159661,中证100指数ETF,1.036,1.0311,-0.48,0.0,0.0,2903.0,300921.21,1.035,1.038,1.035,1.036,0.29,1.28,0.11,14.08,1902.0,1001.0,35623.0,11.84,0.0,0.0,35623.0,11.84,-51800.0,-17.21,16177.0,5.38,2.0,1.029,1.033,22708213.0,23525709,23525709,2024-04-30,2024-04-30 15:34:54+08:00
211,159617,500价值ETF,1.084,1.0851,0.1,0.0,0.0,27733.0,3010085.955,1.085,1.091,1.083,1.084,0.74,5.1,1.85,-52.87,15511.0,12222.0,-50104.0,-1.66,0.0,0.0,-50104.0,-1.66,-7552.0,-0.25,57657.0,1.92,-1200.0,1.084,1.089,54418382.0,58989526,58989526,2024-04-30,2024-04-30 15:35:00+08:00
212,159510,沪深300价值ETF,0.969,0.9672,-0.19,0.0,0.0,71979.0,6978183.602,0.969,0.972,0.966,0.969,0.62,4.89,1.62,-77.25,20411.0,51568.0,386419.0,5.54,1239846.0,17.77,-853427.0,-12.23,-439692.0,-6.3,53273.0,0.76,31.0,0.967,0.969,147128342.0,142567363,142567363,2024-04-30,2024-04-30 15:34:45+08:00
213,159001,货币ETF,100.0,,,-0.001,0.0,42896.0,428964324.0,100.0,100.002,99.999,100.001,0.0,30.32,0.99,-30.71,23063.0,19833.0,-6743375.0,-1.57,14663952.0,3.42,-21407327.0,-4.99,6059470.0,1.41,683914.0,0.16,-5581.0,100.0,100.001,14147958.0,1414795800,1414795800,2024-04-30,2024-04-30 15:34:36+08:00
214,511970,国寿货币ETF,100.021,,,-0.008,-0.01,4.0,35908.0,100.021,100.021,100.021,100.029,0.0,0.53,0.93,-100.0,,4.0,0.0,0.0,0.0,0.0,0.0,0.0,35907.0,100.0,-35907.0,-100.0,-3.0,,100.1,68100.0,6811430,6811430,2024-04-30,2024-04-30 15:59:48+08:00
215,511960,嘉实快线ETF,100.021,,,-0.008,-0.01,3.0,28806.0,100.025,100.025,100.021,100.029,0.0,0.31,0.79,-100.0,1.0,2.0,0.0,0.0,0.0,0.0,0.0,0.0,18803.0,65.27,-18804.0,-65.28,-2.0,,100.09,91900.0,9191930,9191930,2024-04-30,2024-04-30 15:59:39+08:00
216,517180,中国国企ETF,1.513,1.5166,0.24,-0.001,-0.07,377018.0,57291016.0,1.515,1.527,1.512,1.514,0.99,3.62,0.73,10.92,127566.0,249452.0,6730144.0,11.75,13455258.0,23.49,-6725114.0,-11.74,-3735398.0,-6.52,-2994747.0,-5.23,-5.0,1.513,1.514,1041496304.0,1575783908,1575783908,2024-04-30,2024-04-30 15:59:59+08:00
217,512150,A50ETF,1.475,1.4752,0.01,-0.001,-0.07,10125.0,1496758.0,1.476,1.485,1.47,1.476,1.02,2.11,0.6,-0.51,4251.0,5874.0,-257776.0,-17.22,0.0,0.0,-257776.0,-17.22,92223.0,6.16,165553.0,11.06,200.0,1.474,1.475,48073400.0,70908265,70908265,2024-04-30,2024-04-30 15:59:58+08:00
218,159660,纳指100ETF,1.408,1.3856,-1.62,-0.001,-0.07,87157.0,12271576.3,1.405,1.41,1.405,1.409,0.35,2.59,0.89,5.6,31812.0,55345.0,1336947.0,10.89,1429609.0,11.65,-92662.0,-0.76,-1566139.0,-12.76,229193.0,1.87,-5203.0,1.408,1.409,336151360.0,473301115,473301115,2024-04-30,2024-04-30 15:34:51+08:00
219,159612,标普500ETF,1.389,1.3635,-1.87,-0.001,-0.07,62038.0,8617939.2,1.391,1.392,1.387,1.39,0.36,2.18,0.69,-29.02,31070.0,30968.0,-241040.0,-2.8,-149691.0,-1.74,-91349.0,-1.06,335367.0,3.89,-94326.0,-1.09,2220.0,1.388,1.389,284898656.0,395724233,395724233,2024-04-30,2024-04-30 15:34:36+08:00
220,513810,港股国企ETF,1.129,1.1358,0.6,-0.001,-0.09,19145.0,2165859.0,1.127,1.141,1.124,1.13,1.5,5.47,0.7,-5.6,7976.0,11169.0,79433.0,3.67,0.0,0.0,79433.0,3.67,-256999.0,-11.87,177565.0,8.2,1.0,1.127,1.129,34992000.0,39505968,39505968,2024-04-30,2024-04-30 15:59:59+08:00
221,562320,沪深300价值ETF,1.086,1.0847,-0.12,-0.001,-0.09,42651.0,4637208.0,1.085,1.091,1.083,1.087,0.74,9.21,0.69,-1.26,18990.0,23661.0,223840.0,4.83,0.0,0.0,223840.0,4.83,-237020.0,-5.11,13180.0,0.28,37.0,1.083,1.087,46295500.0,50276913,50276913,2024-04-30,2024-04-30 15:59:58+08:00
222,513210,恒生ETF易方达,1.071,1.0798,0.81,-0.001,-0.09,113294.0,12160818.0,1.072,1.078,1.067,1.072,1.03,9.77,0.2,11.25,62691.0,50603.0,1775858.0,14.6,2942356.0,24.2,-1166498.0,-9.59,-1196813.0,-9.84,-579045.0,-4.76,-1.0,1.069,1.072,115942000.0,124173882,124173882,2024-04-30,2024-04-30 15:59:58+08:00
223,511650,华夏快线ETF,100.032,,,-0.094,-0.09,472.0,4721722.0,100.023,100.277,100.011,100.126,0.27,4.86,2.64,-24.6,188.0,284.0,-420929.0,-8.91,-60009.0,-1.27,-360920.0,-7.64,131392.0,2.78,289538.0,6.13,-2.0,100.022,100.031,971100.0,97141075,97141075,2024-04-30,2024-04-30 15:59:58+08:00
224,159920,恒生ETF,1.059,1.0642,0.49,-0.001,-0.09,4605164.0,488980806.58,1.063,1.068,1.056,1.06,1.13,2.93,0.74,-38.86,2226548.0,2378616.0,4935608.0,1.01,9782205.0,2.0,-4846597.0,-0.99,-3074527.0,-0.63,-1861080.0,-0.38,12261.0,1.058,1.059,15723559168.0,16651249159,16651249159,2024-04-30,2024-04-30 15:35:03+08:00
225,561580,央企红利ETF,1.056,1.0547,-0.12,-0.001,-0.09,331173.0,35045243.0,1.055,1.062,1.05,1.057,1.14,7.32,0.56,23.71,162548.0,168625.0,63125.0,0.18,-605917.0,-1.73,669042.0,1.91,-589955.0,-1.68,526831.0,1.5,110.0,1.055,1.056,452370704.0,477703463,477703463,2024-04-30,2024-04-30 15:59:59+08:00
226,510980,上证综合ETF,1.037,1.0371,0.01,-0.001,-0.1,191835.0,19915621.0,1.036,1.042,1.034,1.038,0.77,16.42,0.6,-2.4,117852.0,73983.0,1390485.0,6.98,1460908.0,7.34,-70423.0,-0.35,-775311.0,-3.89,-615175.0,-3.09,-114.0,1.037,1.038,116798000.0,121119526,121119526,2024-04-30,2024-04-30 15:59:43+08:00
227,159577,美国50ETF,1.025,1.0088,-1.61,-0.001,-0.1,18053.0,1851879.9,1.028,1.028,1.025,1.026,0.29,0.57,0.08,-74.2,4781.0,13272.0,323295.0,17.46,0.0,0.0,323295.0,17.46,-298635.0,-16.13,-24659.0,-1.33,-569.0,1.025,1.026,315665792.0,323557437,323557437,2024-04-30,2024-04-30 15:34:42+08:00
228,560330,沪深300价值ETF申万菱信,1.012,1.0124,0.04,-0.001,-0.1,130532.0,13241138.0,1.012,1.018,1.012,1.013,0.59,25.53,1.45,18.0,63058.0,67474.0,-186300.0,-1.41,0.0,0.0,-186300.0,-1.41,192629.0,1.45,-6329.0,-0.05,-10.0,1.012,1.014,51130000.0,51743560,51743560,2024-04-30,2024-04-30 16:00:00+08:00
229,562330,中证500价值ETF,0.996,0.9959,-0.01,-0.001,-0.1,104670.0,10449561.0,1.001,1.003,0.996,0.997,0.7,29.06,1.11,-6.34,48421.0,56249.0,180376.0,1.73,0.0,0.0,180376.0,1.73,-78386.0,-0.75,-101990.0,-0.98,-120.0,0.995,0.997,36018900.0,35874824,35874824,2024-04-30,2024-04-30 15:59:59+08:00
230,159517,800增强ETF,0.973,0.9738,0.08,-0.001,-0.1,31986.0,3120238.6,0.935,0.978,0.935,0.974,4.41,11.96,0.49,44.61,13970.0,18016.0,-439342.0,-14.08,0.0,0.0,-439342.0,-14.08,402860.0,12.91,36482.0,1.17,-1009.0,0.973,0.974,26742624.0,26020573,26020573,2024-04-30,2024-04-30 15:34:48+08:00
231,516910,物流ETF,0.953,0.9516,-0.15,-0.001,-0.1,146364.0,13976247.0,0.955,0.958,0.95,0.954,0.84,16.24,0.78,-37.82,58095.0,88269.0,-75757.0,-0.54,494667.0,3.54,-570424.0,-4.08,59400.0,0.43,16357.0,0.12,5.0,0.952,0.953,90141800.0,85905135,85905135,2024-04-30,2024-04-30 16:00:00+08:00
232,159711,港股通ETF,0.908,0.9213,1.44,-0.001,-0.11,11569.0,1053195.8,0.91,0.917,0.906,0.909,1.21,2.72,0.97,-18.47,6789.0,4780.0,193274.0,18.35,0.0,0.0,193274.0,18.35,-192614.0,-18.29,-661.0,-0.06,10.0,0.906,0.908,42465157.0,38558363,38558363,2024-04-30,2024-04-30 15:34:21+08:00
233,159522,国证2000ETF景顺,0.906,0.906,0.0,-0.001,-0.11,9794.0,886514.5,0.908,0.908,0.901,0.907,0.77,2.09,0.49,-96.81,2100.0,7694.0,-32100.0,-3.62,0.0,0.0,-32100.0,-3.62,45300.0,5.11,-13200.0,-1.49,-150.0,0.899,0.906,46896935.0,42488623,42488623,2024-04-30,2024-04-30 15:34:57+08:00
234,513320,恒生新经济ETF,0.877,0.8769,-0.01,-0.001,-0.11,46123.0,4038515.0,0.882,0.896,0.869,0.878,3.08,12.46,0.83,-3.39,26951.0,19172.0,406107.0,10.06,0.0,0.0,406107.0,10.06,-345504.0,-8.56,-60603.0,-1.5,27.0,0.873,0.876,37010600.0,32458296,32458296,2024-04-30,2024-04-30 15:59:58+08:00
235,510130,中盘ETF,5.232,5.2264,-0.11,-0.006,-0.11,3134.0,1645213.0,5.246,5.262,5.231,5.238,0.59,0.63,0.86,-31.57,442.0,2692.0,-193293.0,-11.75,236594.0,14.38,-429887.0,-26.13,131023.0,7.96,62270.0,3.78,3.0,5.231,5.232,49485100.0,258906043,258906043,2024-04-30,2024-04-30 15:59:43+08:00
236,159620,500成长ETF,0.868,0.8672,-0.09,-0.001,-0.12,19995.0,1738019.9,0.871,0.873,0.866,0.869,0.81,5.38,1.03,91.23,12015.0,7980.0,-73181.0,-4.21,0.0,0.0,-73181.0,-4.21,84713.0,4.87,-11533.0,-0.66,1206.0,0.866,0.872,37140934.0,32238331,32238331,2024-04-30,2024-04-30 15:35:03+08:00
237,159712,港股通50ETF,0.859,0.8512,-0.92,-0.001,-0.12,4756.0,408168.2,0.858,0.863,0.856,0.86,0.81,0.75,0.24,84.37,1974.0,2782.0,14027.0,3.44,0.0,0.0,14027.0,3.44,-28904.0,-7.08,14877.0,3.64,250.0,0.859,0.865,63778813.0,54786000,54786000,2024-04-30,2024-04-30 15:34:24+08:00
238,159791,300ESGETF,0.848,0.848,0.0,-0.001,-0.12,49111.0,4177101.0,0.85,0.853,0.848,0.849,0.59,14.0,1.06,-53.64,35645.0,13466.0,5094.0,0.12,0.0,0.0,5094.0,0.12,-2438.0,-0.06,-2655.0,-0.06,-2.0,0.84,0.855,35083347.0,29750678,29750678,2024-04-30,2024-04-30 15:34:45+08:00
239,517030,沪港深300ETF基金,0.82,0.8202,0.02,-0.001,-0.12,23062.0,1892710.0,0.813,0.826,0.813,0.821,1.58,3.84,1.33,2.99,7063.0,15999.0,-139321.0,-7.36,0.0,0.0,-139321.0,-7.36,106530.0,5.63,32790.0,1.73,1.0,0.819,0.82,60040300.0,49233046,49233046,2024-04-30,2024-04-30 15:59:58+08:00
240,517010,沪港深500ETF指数,0.801,0.8011,0.01,-0.001,-0.12,973.0,78204.0,0.804,0.804,0.801,0.802,0.37,0.15,0.07,-36.91,879.0,94.0,-64905.0,-82.99,0.0,0.0,-64905.0,-82.99,67536.0,86.36,-2631.0,-3.36,-1.0,0.798,0.8,66144200.0,52981504,52981504,2024-04-30,2024-04-30 16:00:00+08:00
241,510900,H股ETF,0.794,0.7951,0.14,-0.001,-0.13,7315788.0,582570073.0,0.796,0.802,0.791,0.795,1.38,5.49,1.22,-39.56,3795606.0,3520182.0,-433740.0,-0.07,-8591456.0,-1.47,8157716.0,1.4,606984.0,0.1,-173252.0,-0.03,-4000.0,0.794,0.795,13330021888.0,10584037379,10584037379,2024-04-30,2024-04-30 15:59:58+08:00
242,510370,300指数ETF,0.785,0.7851,0.01,-0.001,-0.13,3638.0,286496.0,0.786,0.788,0.783,0.786,0.64,0.43,0.63,-29.77,595.0,3043.0,9240.0,3.23,0.0,0.0,9240.0,3.23,2207.0,0.77,-11447.0,-4.0,4.0,0.783,0.789,84258100.0,66142609,66142609,2024-04-30,2024-04-30 15:59:57+08:00
243,513550,港股通50ETF,0.765,0.7584,-0.87,-0.001,-0.13,524969.0,40257249.0,0.766,0.771,0.764,0.766,0.91,1.33,0.23,-8.27,289813.0,235156.0,-925398.0,-2.3,408910.0,1.02,-1334308.0,-3.31,683445.0,1.7,241953.0,0.6,-80.0,0.765,0.766,3957992000.0,3027863880,3027863880,2024-04-30,2024-04-30 15:59:58+08:00
244,510160,产业升级ETF,0.765,0.7644,-0.08,-0.001,-0.13,4671.0,357300.0,0.766,0.77,0.764,0.766,0.78,0.14,0.13,0.55,3346.0,1325.0,-76583.0,-21.43,0.0,0.0,-76583.0,-21.43,91017.0,25.47,-14435.0,-4.04,209.0,0.764,0.765,328057408.0,250963917,250963917,2024-04-30,2024-04-30 15:59:44+08:00
245,516560,养老ETF,0.76,0.7606,0.08,-0.001,-0.13,29242.0,2227144.0,0.761,0.764,0.758,0.761,0.79,3.09,1.31,-14.8,7950.0,21292.0,290630.0,13.05,243840.0,10.95,46790.0,2.1,-158890.0,-7.13,-131739.0,-5.92,-7.0,0.76,0.761,94758000.0,72016080,72016080,2024-04-30,2024-04-30 15:59:59+08:00
246,510210,上证指数ETF,0.758,0.7577,-0.04,-0.001,-0.13,2402112.0,182358911.0,0.758,0.762,0.757,0.759,0.66,2.84,0.73,-28.61,1294908.0,1107204.0,12159829.0,6.67,25336153.0,13.89,-13176324.0,-7.23,-9319100.0,-5.11,-2840729.0,-1.56,-1.0,0.758,0.759,8447192576.0,6402971973,6402971973,2024-04-30,2024-04-30 15:59:49+08:00
247,560900,创新药企ETF,0.754,0.7544,0.05,-0.001,-0.13,34098.0,2574459.0,0.753,0.759,0.749,0.755,1.32,1.46,0.86,-98.46,15855.0,18243.0,197496.0,7.67,0.0,0.0,197496.0,7.67,-173898.0,-6.75,-23597.0,-0.92,-400.0,0.75,0.754,232969100.0,175658701,175658701,2024-04-30,2024-04-30 15:59:59+08:00
248,517170,沪港深ETF,0.728,0.7284,0.05,-0.001,-0.14,2779.0,202720.0,0.729,0.732,0.727,0.729,0.69,0.68,0.44,-19.84,2169.0,610.0,-31918.0,-15.74,0.0,0.0,-31918.0,-15.74,36400.0,17.96,-4482.0,-2.21,-500.0,0.725,0.727,41131800.0,29943950,29943950,2024-04-30,2024-04-30 15:59:59+08:00
249,517080,沪港深500ETF基金,0.709,0.7099,0.13,-0.001,-0.14,64144.0,4558153.0,0.714,0.714,0.707,0.71,0.99,0.95,0.73,-1.85,19830.0,44314.0,217698.0,4.78,-68610.0,-1.51,286308.0,6.28,-182275.0,-4.0,-35423.0,-0.78,10.0,0.707,0.709,677166000.0,480110694,480110694,2024-04-30,2024-04-30 15:59:59+08:00
250,159825,农业ETF,0.704,0.7054,0.2,-0.001,-0.14,1685592.0,119015038.7,0.702,0.712,0.702,0.705,1.42,5.52,1.21,-24.07,356572.0,1329020.0,8402077.0,7.06,11710260.0,9.84,-3308183.0,-2.78,-7432996.0,-6.25,-969080.0,-0.81,-2046.0,0.704,0.705,3051077408.0,2147958495,2147958495,2024-04-30,2024-04-30 15:34:42+08:00
251,159992,创新药ETF,0.703,0.7027,-0.04,-0.001,-0.14,3219735.0,226125714.4,0.704,0.707,0.696,0.704,1.56,3.3,1.02,-38.25,1659146.0,1560589.0,592629.0,0.26,17548059.0,7.76,-16955430.0,-7.5,-1649288.0,-0.73,1056660.0,0.47,-23830.0,0.703,0.704,9748181248.0,6852971417,6852971417,2024-04-30,2024-04-30 15:34:48+08:00
252,516810,农业50ETF,0.701,0.701,0.0,-0.001,-0.14,107054.0,7531726.0,0.698,0.708,0.698,0.702,1.42,5.53,1.03,22.21,57228.0,49826.0,226659.0,3.01,0.0,0.0,226659.0,3.01,-256883.0,-3.41,30224.0,0.4,4.0,0.701,0.703,193478900.0,135628709,135628709,2024-04-30,2024-04-30 16:00:00+08:00
253,518880,黄金ETF,5.286,5.2699,-0.31,-0.008,-0.15,1920943.0,1015518866.0,5.296,5.3,5.271,5.294,0.55,5.33,0.59,-57.19,913321.0,1007622.0,-27865328.0,-2.74,-27603200.0,-2.72,-262128.0,-0.03,4585657.0,0.45,23279676.0,2.29,1153.0,5.286,5.287,3604540800.0,19053602669,19053602669,2024-04-30,2024-04-30 15:59:59+08:00
254,159929,医药ETF,1.318,1.3187,0.05,-0.002,-0.15,707064.0,93487932.8,1.32,1.328,1.31,1.32,1.36,5.37,1.59,26.23,379784.0,327280.0,-1066521.0,-1.14,-21230614.0,-22.71,20164093.0,21.57,2792902.0,2.99,-1726379.0,-1.85,1760.0,1.317,1.318,1316204208.0,1734757146,1734757146,2024-04-30,2024-04-30 15:34:09+08:00
255,510410,资源ETF,1.258,1.2588,0.06,-0.002,-0.16,203833.0,25722070.0,1.256,1.272,1.255,1.26,1.35,3.98,0.49,11.6,132859.0,70974.0,-1242900.0,-4.83,1524035.0,5.93,-2766935.0,-10.76,1278453.0,4.97,-35554.0,-0.14,7.0,1.256,1.258,512258400.0,644421067,644421067,2024-04-30,2024-04-30 15:59:32+08:00
256,510290,上证380ETF,1.88,1.8821,0.11,-0.003,-0.16,232.0,43652.0,1.886,1.889,1.878,1.883,0.58,0.02,0.06,-23.04,41.0,191.0,29505.0,67.59,0.0,0.0,29505.0,67.59,0.0,0.0,-29506.0,-67.59,1.0,1.879,1.88,94448900.0,177563932,177563932,2024-04-30,2024-04-30 15:59:33+08:00
257,515990,国企一带一路ETF,1.251,1.2512,0.02,-0.002,-0.16,28168.0,3536195.0,1.249,1.26,1.248,1.253,0.96,3.02,0.58,-0.05,12839.0,15329.0,-49273.0,-1.39,0.0,0.0,-49273.0,-1.39,-24261.0,-0.69,73534.0,2.08,198.0,1.249,1.251,93350200.0,116781100,116781100,2024-04-30,2024-04-30 16:00:00+08:00
258,516550,农业ETF,0.624,0.6237,-0.05,-0.001,-0.16,100935.0,6313639.0,0.625,0.628,0.623,0.625,0.8,3.42,1.0,7.15,47323.0,53612.0,315820.0,5.0,789260.0,12.5,-473440.0,-7.5,-204390.0,-3.24,-111430.0,-1.76,-145.0,0.623,0.625,295414400.0,184338586,184338586,2024-04-30,2024-04-30 16:00:00+08:00
259,516500,生物科技ETF,0.595,0.5963,0.22,-0.001,-0.17,53137.0,3164828.0,0.594,0.601,0.59,0.596,1.85,3.26,1.11,-28.76,25012.0,28125.0,-31291.0,-0.99,375544.0,11.87,-406835.0,-12.85,-54091.0,-1.71,85383.0,2.7,-1000.0,0.595,0.596,162937200.0,96947634,96947634,2024-04-30,2024-04-30 15:59:58+08:00
260,513850,美国50ETF,1.139,1.1212,-1.59,-0.002,-0.18,465245.0,53036701.0,1.14,1.143,1.137,1.141,0.53,6.8,0.94,-53.34,276021.0,189224.0,-857953.0,-1.62,1396116.0,2.63,-2254069.0,-4.25,306655.0,0.58,551298.0,1.04,-1327.0,1.139,1.14,683892608.0,778953681,778953681,2024-04-30,2024-04-30 16:00:00+08:00
261,511950,添利货币ETF,100.021,,,-0.179,-0.18,96.0,962702.0,100.014,100.2,100.011,100.2,0.19,7.32,1.36,0.0,42.0,54.0,0.0,0.0,0.0,0.0,0.0,0.0,-72821.0,-7.56,72821.0,7.56,3.0,100.019,100.04,131500.0,13152762,13152762,2024-04-30,2024-04-30 15:59:42+08:00
262,513920,港股通央企红利ETF,1.111,1.118,0.63,-0.002,-0.18,50372.0,5635337.0,1.113,1.126,1.109,1.113,1.53,4.01,0.36,-1.36,22641.0,27731.0,89568.0,1.59,0.0,0.0,89568.0,1.59,-727428.0,-12.91,637861.0,11.32,-5.0,1.111,1.113,125731000.0,139687141,139687141,2024-04-30,2024-04-30 16:00:00+08:00
263,515090,可持续发展ETF,1.098,1.0976,-0.04,-0.002,-0.18,73849.0,8143232.0,1.102,1.106,1.098,1.1,0.73,16.86,0.92,0.0,47304.0,26545.0,23060.0,0.28,0.0,0.0,23060.0,0.28,0.0,0.0,-23060.0,-0.28,-20.0,1.096,1.099,43801700.0,48094267,48094267,2024-04-30,2024-04-30 16:00:00+08:00
264,159858,创新药ETF基金,0.549,0.5487,-0.05,-0.001,-0.18,127598.0,7003314.1,0.55,0.553,0.544,0.55,1.64,3.97,0.93,-58.0,58252.0,69346.0,584426.0,8.34,826449.0,11.8,-242023.0,-3.46,-510705.0,-7.29,-73722.0,-1.05,-153.0,0.549,0.55,321098320.0,176282978,176282978,2024-04-30,2024-04-30 15:34:45+08:00
265,512520,MSCIETF,1.088,1.0883,0.03,-0.002,-0.18,49360.0,5385784.0,1.094,1.094,1.088,1.09,0.55,5.67,1.35,-1.92,18680.0,30680.0,150547.0,2.8,0.0,0.0,150547.0,2.8,-151484.0,-2.81,937.0,0.02,-100.0,1.088,1.09,87056400.0,94717363,94717363,2024-04-30,2024-04-30 15:59:59+08:00
266,159937,黄金ETF基金,5.285,5.2813,-0.07,-0.01,-0.19,568088.0,300129033.9,5.296,5.299,5.269,5.295,0.57,2.53,1.13,34.03,223021.0,345067.0,-1509322.0,-0.5,-21993435.0,-7.33,20484113.0,6.83,396560.0,0.13,1112762.0,0.37,339.0,5.284,5.285,2249221984.0,11887138185,11887138185,2024-04-30,2024-04-30 15:35:00+08:00
267,513960,港股通消费ETF,1.054,1.0644,0.98,-0.002,-0.19,66687.0,7053338.0,1.059,1.07,1.05,1.056,1.89,9.96,0.89,-11.49,39559.0,27128.0,-606853.0,-8.6,1188262.0,16.85,-1795115.0,-25.45,607719.0,8.62,-867.0,-0.01,-5.0,1.052,1.055,66932300.0,70546644,70546644,2024-04-30,2024-04-30 16:00:00+08:00
268,159515,国企红利ETF,1.023,1.0229,-0.01,-0.002,-0.2,13502.0,1383474.8,1.02,1.028,1.018,1.025,0.98,1.28,0.72,-12.05,6801.0,6701.0,-159598.0,-11.54,0.0,0.0,-159598.0,-11.54,164005.0,11.85,-4406.0,-0.32,-100.0,1.023,1.026,105086631.0,107503624,107503624,2024-04-30,2024-04-30 15:34:48+08:00
269,516610,医疗服务ETF,0.508,0.5082,0.04,-0.001,-0.2,25347.0,1290383.0,0.51,0.511,0.506,0.509,0.98,2.17,0.56,-9.99,21838.0,3509.0,68612.0,5.32,-55288.0,-4.28,123900.0,9.6,-65635.0,-5.09,-2978.0,-0.23,-18.0,0.507,0.508,116974800.0,59423198,59423198,2024-04-30,2024-04-30 15:59:59+08:00
270,560700,央企红利50ETF,1.014,1.0122,-0.18,-0.002,-0.2,275519.0,27972188.0,1.01,1.021,1.01,1.016,1.08,3.31,0.68,19.95,123230.0,152289.0,917068.0,3.28,1522500.0,5.44,-605432.0,-2.16,-803216.0,-2.87,-113853.0,-0.41,247.0,1.013,1.014,832536896.0,844192413,844192413,2024-04-30,2024-04-30 16:00:00+08:00
271,513140,港股金融ETF,0.974,0.9611,-1.34,-0.002,-0.2,28905.0,2820807.0,0.979,0.99,0.97,0.976,2.05,6.37,0.46,-14.71,16463.0,12442.0,287306.0,10.19,0.0,0.0,287306.0,10.19,-282773.0,-10.02,-4533.0,-0.16,2.0,0.974,0.975,45368000.0,44188432,44188432,2024-04-30,2024-04-30 15:59:58+08:00
272,560950,500ETF增强,0.964,0.966,0.21,-0.002,-0.21,10755.0,1039126.0,0.966,0.969,0.964,0.966,0.52,2.47,0.83,-5.73,7382.0,3373.0,-325164.0,-31.29,0.0,0.0,-325164.0,-31.29,333549.0,32.1,-8384.0,-0.81,-40.0,0.964,0.965,43483000.0,41917612,41917612,2024-04-30,2024-04-30 16:00:00+08:00
273,516060,创新药产业ETF,0.481,0.482,0.21,-0.001,-0.21,86271.0,4139149.0,0.481,0.484,0.478,0.482,1.24,3.3,1.46,-19.23,42018.0,44253.0,28314.0,0.68,-365752.0,-8.84,394066.0,9.52,-85980.0,-2.08,57666.0,1.39,117.0,0.48,0.482,261237400.0,125655189,125655189,2024-04-30,2024-04-30 15:59:59+08:00
274,159934,黄金ETF,5.227,5.2277,0.01,-0.011,-0.21,502037.0,262473419.024,5.238,5.243,5.213,5.238,0.57,3.02,0.37,-24.11,223780.0,278257.0,-1373848.0,-0.52,-3006347.0,-1.15,1632499.0,0.62,-1854201.0,-0.71,3228049.0,1.23,2279.0,5.226,5.227,1664862640.0,8702237019,8702237019,2024-04-30,2024-04-30 15:34:12+08:00
275,516010,游戏ETF,0.944,0.9427,-0.14,-0.002,-0.21,1079969.0,102050160.0,0.952,0.957,0.931,0.946,2.75,4.35,0.87,-1.8,535457.0,544512.0,-2054386.0,-2.01,-4793406.0,-4.7,2739020.0,2.68,424091.0,0.42,1630294.0,1.6,2.0,0.943,0.944,2481693008.0,2342718200,2342718200,2024-04-30,2024-04-30 15:59:59+08:00
276,159837,生物科技ETF,0.459,0.4588,-0.04,-0.001,-0.22,363450.0,16685375.536,0.461,0.462,0.455,0.46,1.52,1.29,0.58,-31.35,172481.0,190969.0,289140.0,1.73,1587959.0,9.52,-1298819.0,-7.78,-156302.0,-0.94,-132838.0,-0.8,-3266.0,0.459,0.46,2810152832.0,1289860150,1289860150,2024-04-30,2024-04-30 15:35:03+08:00
277,561590,中证1000增强ETF,0.908,0.9065,-0.17,-0.002,-0.22,63492.0,5767033.0,0.911,0.911,0.901,0.91,1.1,9.92,0.99,-8.3,28820.0,34672.0,103556.0,1.8,0.0,0.0,103556.0,1.8,-138744.0,-2.41,35188.0,0.61,2.0,0.905,0.907,63999600.0,58111637,58111637,2024-04-30,2024-04-30 15:59:58+08:00
278,560100,中证500增强ETF,0.903,0.9046,0.18,-0.002,-0.22,73993.0,6707982.0,0.907,0.91,0.903,0.905,0.77,6.51,0.93,-0.24,41958.0,32035.0,-152759.0,-2.28,633.0,0.01,-153392.0,-2.29,97684.0,1.46,55074.0,0.82,-8.0,0.903,0.904,113580300.0,102563011,102563011,2024-04-30,2024-04-30 15:59:57+08:00
279,513860,港股通科技ETF,0.435,0.4301,-1.14,-0.001,-0.23,636359.0,27730236.0,0.44,0.441,0.433,0.436,1.83,3.68,0.39,-5.93,317355.0,319004.0,-283396.0,-1.02,198849.0,0.72,-482245.0,-1.74,244968.0,0.88,38427.0,0.14,112.0,0.434,0.435,1729470608.0,752319714,752319714,2024-04-30,2024-04-30 15:59:59+08:00
280,512380,MSCI中国ETF,1.213,1.2123,-0.06,-0.003,-0.25,31422.0,3822055.0,1.214,1.219,1.213,1.216,0.49,2.67,0.63,-6.08,18236.0,13186.0,98412.0,2.57,-1093.0,-0.03,99505.0,2.6,-70230.0,-1.84,-28181.0,-0.74,9.0,1.211,1.213,117805600.0,142898193,142898193,2024-04-30,2024-04-30 15:59:57+08:00
281,512750,基本面50ETF,1.202,1.2036,0.13,-0.003,-0.25,84032.0,10148817.0,1.205,1.213,1.201,1.205,1.0,7.03,0.9,-5.52,34629.0,49403.0,657252.0,6.48,0.0,0.0,657252.0,6.48,-612927.0,-6.04,-44325.0,-0.44,-359.0,1.203,1.205,119454900.0,143584790,143584790,2024-04-30,2024-04-30 15:59:58+08:00
282,159910,基本面120ETF,1.978,1.9769,-0.06,-0.005,-0.25,7628.0,1511415.1,1.981,1.989,1.976,1.983,0.66,0.46,0.91,42.72,3656.0,3972.0,-394411.0,-26.1,0.0,0.0,-394411.0,-26.1,528593.0,34.97,-134182.0,-8.88,3.0,1.973,1.988,165906143.0,328162351,328162351,2024-04-30,2024-04-30 15:34:51+08:00
283,513990,港股通ETF,0.789,0.7799,-1.17,-0.002,-0.25,38960.0,3083020.0,0.79,0.796,0.784,0.791,1.52,5.34,0.55,-0.16,17601.0,21359.0,-97880.0,-3.17,0.0,0.0,-97880.0,-3.17,93980.0,3.05,3900.0,0.13,-3.0,0.787,0.79,73000000.0,57597000,57597000,2024-04-30,2024-04-30 16:00:00+08:00
284,159636,港股通科技30ETF,0.782,0.7797,-0.29,-0.002,-0.26,1431164.0,112037956.6,0.79,0.798,0.778,0.784,2.55,6.74,0.84,-61.01,839843.0,591321.0,-25980910.0,-23.19,-24933518.0,-22.25,-1047392.0,-0.93,25130863.0,22.43,850047.0,0.76,1474.0,0.78,0.782,2122250608.0,1659599975,1659599975,2024-04-30,2024-04-30 15:34:54+08:00
285,159519,港股国企ETF,1.147,1.1297,-1.53,-0.003,-0.26,254601.0,29392452.9,1.152,1.16,1.144,1.15,1.39,39.68,1.43,5.94,129120.0,125481.0,-702802.0,-2.39,-1955870.0,-6.65,1253068.0,4.26,635720.0,2.16,67083.0,0.23,-87.0,1.147,1.148,64157854.0,73589059,73589059,2024-04-30,2024-04-30 15:34:54+08:00
286,159708,红利ETF,0.761,0.7601,-0.12,-0.002,-0.26,339274.0,25941567.2,0.759,0.77,0.759,0.763,1.44,11.8,1.01,-36.07,181768.0,157506.0,98166.0,0.38,1044417.0,4.03,-946251.0,-3.65,-51718.0,-0.2,-46448.0,-0.18,-200.0,0.761,0.762,287528304.0,218809039,218809039,2024-04-30,2024-04-30 15:35:03+08:00
287,561900,沪深300ESGETF,0.758,0.7578,-0.03,-0.002,-0.26,102950.0,7832455.0,0.767,0.8,0.756,0.76,5.79,13.85,0.98,-11.63,43136.0,59814.0,5065.0,0.06,-188601.0,-2.41,193666.0,2.47,-20473.0,-0.26,15407.0,0.2,500.0,0.756,0.758,74334400.0,56345475,56345475,2024-04-30,2024-04-30 16:00:00+08:00
288,518860,黄金ETFAU,5.296,5.29,-0.11,-0.014,-0.26,4919.0,2603745.0,5.31,5.319,5.285,5.31,0.64,2.09,1.1,91.59,4054.0,865.0,324481.0,12.46,0.0,0.0,324481.0,12.46,-107783.0,-4.14,-216698.0,-8.32,3.0,5.295,5.3,23559800.0,124772701,124772701,2024-04-30,2024-04-30 15:59:58+08:00
289,516830,300ESGETF,0.755,0.7553,0.04,-0.002,-0.26,94485.0,7161702.0,0.76,0.761,0.755,0.757,0.79,4.11,0.61,-29.55,37366.0,57119.0,-238620.0,-3.33,0.0,0.0,-238620.0,-3.33,222321.0,3.1,16299.0,0.23,3310.0,0.753,0.755,229676900.0,173406060,173406060,2024-04-30,2024-04-30 15:59:57+08:00
290,518660,黄金ETF基金,5.268,5.2583,-0.18,-0.014,-0.27,15324.0,8068381.0,5.282,5.288,5.255,5.282,0.62,3.83,0.51,13.57,8937.0,6387.0,203801.0,2.53,1578810.0,19.57,-1375009.0,-17.04,-209761.0,-2.6,5960.0,0.07,1.0,5.265,5.269,40052700.0,210997624,210997624,2024-04-30,2024-04-30 15:59:59+08:00
291,517660,物联网沪港深ETF,0.752,0.7515,-0.07,-0.002,-0.27,55654.0,4191791.0,0.761,0.761,0.751,0.754,1.33,10.73,1.29,34.75,19300.0,36354.0,47721.0,1.14,0.0,0.0,47721.0,1.14,-33930.0,-0.81,-13791.0,-0.33,-320.0,0.75,0.752,51880700.0,39014286,39014286,2024-04-30,2024-04-30 15:59:57+08:00
292,513230,港股消费ETF,0.743,0.7448,0.24,-0.002,-0.27,36118.0,2691608.0,0.745,0.752,0.74,0.745,1.61,4.61,0.67,-2.27,14004.0,22114.0,-96818.0,-3.6,0.0,0.0,-96818.0,-3.6,11786.0,0.44,85033.0,3.16,44.0,0.742,0.743,78422700.0,58268066,58268066,2024-04-30,2024-04-30 15:59:59+08:00
293,512010,医药ETF,0.368,0.3675,-0.14,-0.001,-0.27,11941968.0,439912231.0,0.368,0.371,0.366,0.369,1.36,2.46,0.82,-14.24,6009219.0,5932749.0,-11191009.0,-2.54,-12707712.0,-2.89,1516703.0,0.34,7299977.0,1.66,3891022.0,0.88,50052.0,0.367,0.368,48518694912.0,17854879728,17854879728,2024-04-30,2024-04-30 15:59:59+08:00
294,512160,MSCI中国A股ETF,1.081,1.0814,0.04,-0.003,-0.28,55277.0,5999539.0,1.086,1.089,1.08,1.084,0.83,1.89,0.86,-10.36,22937.0,32340.0,27300.0,0.46,0.0,0.0,27300.0,0.46,87350.0,1.46,-114651.0,-1.91,446.0,1.08,1.081,291777808.0,315411810,315411810,2024-04-30,2024-04-30 15:59:59+08:00
295,517100,AH500ETF,0.713,0.7107,-0.32,-0.002,-0.28,8143.0,581751.0,0.715,0.718,0.713,0.715,0.7,0.19,0.21,-1.94,3748.0,4395.0,75021.0,12.9,0.0,0.0,75021.0,12.9,-28520.0,-4.9,-46501.0,-7.99,-200.0,0.713,0.714,422602096.0,301315294,301315294,2024-04-30,2024-04-30 16:00:00+08:00
296,512090,MSCIA股ETF易方达,1.42,1.4181,-0.13,-0.004,-0.28,91292.0,12987990.0,1.424,1.427,1.418,1.424,0.63,2.87,0.91,2.72,45863.0,45429.0,-1249438.0,-9.62,0.0,0.0,-1249438.0,-9.62,142589.0,1.1,1106848.0,8.52,10.0,1.419,1.42,317592304.0,450981072,450981072,2024-04-30,2024-04-30 15:59:59+08:00
297,560030,800价值ETF,1.056,1.057,0.09,-0.003,-0.28,28313.0,2996492.0,1.059,1.063,1.056,1.059,0.66,6.67,0.56,-7.71,12033.0,16280.0,625678.0,20.88,0.0,0.0,625678.0,20.88,-603955.0,-20.16,-21724.0,-0.72,-1479.0,1.056,1.057,42432000.0,44808192,44808192,2024-04-30,2024-04-30 16:00:00+08:00
298,517000,沪港深500ETF,0.702,0.7055,0.5,-0.002,-0.28,7985.0,562413.0,0.702,0.708,0.702,0.704,0.85,0.14,0.34,-97.24,1747.0,6238.0,53198.0,9.46,0.0,0.0,53198.0,9.46,-31310.0,-5.57,-21888.0,-3.89,-10.0,0.7,0.703,577793008.0,405610692,405610692,2024-04-30,2024-04-30 15:59:59+08:00
299,159616,农牧ETF,0.7,0.7007,0.1,-0.002,-0.28,36409.0,2557991.8,0.71,0.71,0.695,0.702,2.14,3.32,0.48,-87.68,22137.0,14272.0,119045.0,4.65,0.0,0.0,119045.0,4.65,-76760.0,-3.0,-42285.0,-1.65,2.0,0.699,0.7,109561112.0,76692778,76692778,2024-04-30,2024-04-30 15:34:42+08:00
300,512690,酒ETF,0.699,0.7001,0.16,-0.002,-0.29,3966990.0,279365286.0,0.701,0.711,0.698,0.701,1.85,3.05,0.85,-22.41,2040269.0,1926721.0,17812291.0,6.38,11212160.0,4.01,6600131.0,2.36,-11710948.0,-4.19,-6101343.0,-2.18,-3.0,0.699,0.7,12993050112.0,9082142028,9082142028,2024-04-30,2024-04-30 15:59:58+08:00
301,518800,黄金基金ETF,5.22,5.2053,-0.28,-0.015,-0.29,183196.0,95594857.0,5.234,5.24,5.202,5.235,0.73,2.48,0.56,60.42,95900.0,87296.0,-286061.0,-0.3,-5072412.0,-5.31,4786351.0,5.01,-835274.0,-0.87,1121334.0,1.17,3.0,5.218,5.22,739019904.0,3857683899,3857683899,2024-04-30,2024-04-30 16:00:00+08:00
302,159793,线上消费ETF平安,0.696,0.6943,-0.24,-0.002,-0.29,851.0,59088.4,0.7,0.7,0.692,0.698,1.15,0.19,0.28,-47.14,521.0,330.0,55195.0,93.41,0.0,0.0,55195.0,93.41,-34700.0,-58.73,-20495.0,-34.69,20.0,0.694,0.695,44758908.0,31152200,31152200,2024-04-30,2024-04-30 15:34:24+08:00
303,561960,央企回报ETF,1.043,1.043,0.0,-0.003,-0.29,49752.0,5204698.0,1.036,1.05,1.036,1.046,1.34,3.26,0.71,23.35,39480.0,10272.0,183904.0,3.53,229721.0,4.41,-45817.0,-0.88,-105123.0,-2.02,-78781.0,-1.51,120.0,1.043,1.044,152385200.0,158937764,158937764,2024-04-30,2024-04-30 15:59:59+08:00
304,561060,国企红利ETF,1.027,1.026,-0.1,-0.003,-0.29,3164.0,325174.0,1.03,1.031,1.024,1.03,0.68,0.96,0.11,37.27,1556.0,1608.0,43957.0,13.52,0.0,0.0,43957.0,13.52,-112852.0,-34.71,68895.0,21.19,95.0,1.026,1.027,33065000.0,33957755,33957755,2024-04-30,2024-04-30 15:59:58+08:00
305,159728,在线消费ETF,0.683,0.6834,0.06,-0.002,-0.29,27562.0,1881475.6,0.685,0.689,0.677,0.685,1.75,3.56,1.31,-37.78,11161.0,16401.0,-42064.0,-2.24,0.0,0.0,-42064.0,-2.24,60562.0,3.22,-18498.0,-0.98,-63.0,0.683,0.684,77410129.0,52871118,52871118,2024-04-30,2024-04-30 15:34:33+08:00
306,510380,国寿300ETF,1.009,1.0072,-0.18,-0.003,-0.3,21.0,2121.0,1.01,1.011,1.009,1.012,0.2,0.0,0.04,-1.66,11.0,10.0,0.0,0.0,0.0,0.0,0.0,0.0,-1009.0,-47.57,1009.0,47.57,10.0,1.005,1.008,1416802400.0,1429553622,1429553622,2024-04-30,2024-04-30 16:00:00+08:00
307,512280,MSCIA股ETF景顺,1.345,1.3458,0.06,-0.004,-0.3,41330.0,5568937.0,1.353,1.356,1.345,1.349,0.82,9.39,1.34,-11.52,28713.0,12617.0,-89227.0,-1.6,0.0,0.0,-89227.0,-1.6,75609.0,1.36,13618.0,0.24,59.0,1.344,1.345,44005700.0,59187667,59187667,2024-04-30,2024-04-30 15:59:59+08:00
308,513590,香港消费ETF,0.664,0.6597,-0.65,-0.002,-0.3,16872.0,1133521.0,0.673,0.679,0.664,0.666,2.25,1.71,1.35,-21.37,2080.0,14792.0,193370.0,17.06,0.0,0.0,193370.0,17.06,26926.0,2.38,-220296.0,-19.43,-50.0,0.664,0.667,98418900.0,65350150,65350150,2024-04-30,2024-04-30 15:59:58+08:00
309,513950,恒生红利ETF,0.994,0.9921,-0.19,-0.003,-0.3,408172.0,40737920.0,0.997,1.006,0.989,0.997,1.71,15.08,1.66,2.64,247499.0,160673.0,-5510990.0,-13.53,-7919444.0,-19.44,2408454.0,5.91,5329100.0,13.08,181890.0,0.45,2951.0,0.994,0.995,270619008.0,268995294,268995294,2024-04-30,2024-04-30 15:59:59+08:00
310,518890,中银上海金ETF,5.301,5.2942,-0.13,-0.016,-0.3,5018.0,2659419.0,5.317,5.319,5.283,5.317,0.68,4.54,0.7,10.33,2102.0,2916.0,-369682.0,-13.9,1589394.0,59.76,-1959076.0,-73.67,178167.0,6.7,191515.0,7.2,67.0,5.301,5.302,11054800.0,58601495,58601495,2024-04-30,2024-04-30 15:59:58+08:00
311,563330,A股ETF,0.97,0.9697,-0.03,-0.003,-0.31,206057.0,20012401.0,0.973,0.974,0.968,0.973,0.62,12.31,0.68,41.14,106030.0,100027.0,578773.0,2.89,-2776783.0,-13.88,3355556.0,16.77,-633376.0,-3.16,54603.0,0.27,226.0,0.969,0.97,167421000.0,162398370,162398370,2024-04-30,2024-04-30 15:59:58+08:00
312,512180,MSCIA股ETF基金,1.29,1.2912,0.09,-0.004,-0.31,16330.0,2105476.0,1.294,1.296,1.284,1.294,0.93,1.81,4.16,-10.27,12017.0,4313.0,33366.0,1.58,-1028297.0,-48.84,1061663.0,50.42,-3710.0,-0.18,-29656.0,-1.41,-500.0,1.288,1.292,90048000.0,116161920,116161920,2024-04-30,2024-04-30 15:59:58+08:00
313,159869,游戏ETF,0.951,0.9513,0.03,-0.003,-0.31,3840693.0,366279255.114,0.965,0.967,0.94,0.954,2.83,5.7,1.17,-23.57,1934688.0,1906005.0,16551853.0,4.52,-8277328.0,-2.26,24829181.0,6.78,-19760960.0,-5.4,3209108.0,0.88,35033.0,0.95,0.951,6739082240.0,6408867210,6408867210,2024-04-30,2024-04-30 15:34:15+08:00
314,515360,方正沪深300ETF,4.754,4.751,-0.06,-0.015,-0.31,643.0,305873.0,4.763,4.773,4.749,4.769,0.5,0.22,0.5,-17.97,399.0,244.0,-80069.0,-26.18,0.0,0.0,-80069.0,-26.18,105797.0,34.59,-25728.0,-8.41,-1.0,4.738,4.752,29779300.0,141570792,141570792,2024-04-30,2024-04-30 15:59:59+08:00
315,159916,深F60ETF,4.409,4.4359,0.61,-0.014,-0.32,728.0,324677.6,4.423,4.477,4.409,4.423,1.54,0.08,0.1,-90.83,68.0,660.0,210113.0,64.71,0.0,0.0,210113.0,64.71,-251511.0,-77.46,41398.0,12.75,-4.0,4.409,4.459,88066039.0,388283166,388283166,2024-04-30,2024-04-30 15:34:57+08:00
316,159673,鹏华沪深300ETF,0.94,0.9402,0.02,-0.003,-0.32,20615.0,1943264.5,0.943,0.945,0.94,0.943,0.53,0.16,0.28,-13.87,13748.0,6867.0,14924.0,0.77,0.0,0.0,14924.0,0.77,-38648.0,-1.99,23724.0,1.22,103.0,0.939,0.94,1297528384.0,1219676681,1219676681,2024-04-30,2024-04-30 15:35:00+08:00
317,159850,恒生国企ETF,0.624,0.6238,-0.03,-0.002,-0.32,541232.0,33820941.9,0.629,0.63,0.62,0.626,1.6,5.14,0.7,-14.99,217204.0,324028.0,134866.0,0.4,4651701.0,13.75,-4516835.0,-13.36,-134676.0,-0.4,-189.0,0.0,-1628.0,0.624,0.625,1053706496.0,657512854,657512854,2024-04-30,2024-04-30 15:34:12+08:00
318,513070,港股消费50ETF,0.93,0.9362,0.66,-0.003,-0.32,53558.0,5001706.0,0.938,0.942,0.927,0.933,1.61,6.03,0.86,-11.4,25973.0,27585.0,-359095.0,-7.18,0.0,0.0,-359095.0,-7.18,247519.0,4.95,111577.0,2.23,-1.0,0.93,0.933,88760800.0,82547544,82547544,2024-04-30,2024-04-30 15:59:59+08:00
319,159677,1000增强ETF,0.925,0.9261,0.12,-0.003,-0.32,231687.0,21444913.8,0.924,0.93,0.919,0.928,1.19,25.77,1.0,-28.08,96874.0,134813.0,194661.0,0.91,754352.0,3.52,-559691.0,-2.61,-195282.0,-0.91,621.0,0.0,-1224.0,0.924,0.927,89904091.0,83161284,83161284,2024-04-30,2024-04-30 15:34:06+08:00
320,518600,上海金ETF,5.215,5.2001,-0.29,-0.017,-0.32,38297.0,19996783.0,5.222,5.235,5.203,5.232,0.61,14.73,0.72,-0.32,16654.0,21643.0,-2938832.0,-14.7,-1855668.0,-9.28,-1083164.0,-5.42,239351.0,1.2,2699480.0,13.5,5.0,5.214,5.215,25993600.0,135556624,135556624,2024-04-30,2024-04-30 15:59:59+08:00
321,515150,一带一路ETF,1.227,1.2286,0.13,-0.004,-0.32,49108.0,6056380.0,1.233,1.238,1.227,1.231,0.89,0.84,0.49,-10.64,19909.0,29199.0,658813.0,10.88,124875.0,2.06,533938.0,8.82,-652591.0,-10.78,-6222.0,-0.1,-45.0,1.227,1.229,586703200.0,719884826,719884826,2024-04-30,2024-04-30 15:59:58+08:00
322,560180,ESG300ETF,0.91,0.9097,-0.03,-0.003,-0.33,96206.0,8791409.0,0.94,0.94,0.91,0.913,3.29,10.06,0.95,0.0,46635.0,49571.0,-47090.0,-0.54,0.0,0.0,-47090.0,-0.54,42208.0,0.48,4883.0,0.06,-100.0,0.908,0.91,95603000.0,86998730,86998730,2024-04-30,2024-04-30 15:59:59+08:00
323,512640,金融地产ETF基金,1.818,1.8138,-0.23,-0.006,-0.33,12146.0,2206159.0,1.826,1.826,1.814,1.824,0.66,3.65,0.47,0.17,6522.0,5624.0,-22186.0,-1.01,0.0,0.0,-22186.0,-1.01,0.0,0.0,22187.0,1.01,-1000.0,1.813,1.816,33240900.0,60431956,60431956,2024-04-30,2024-04-30 15:59:57+08:00
324,159653,ESG300ETF,0.909,0.9091,0.01,-0.003,-0.33,4719.0,429229.9,0.921,0.936,0.909,0.912,2.96,0.76,5.84,-27.51,1013.0,3706.0,-91.0,-0.02,0.0,0.0,-91.0,-0.02,0.0,0.0,91.0,0.02,512.0,0.908,0.909,61972068.0,56332610,56332610,2024-04-30,2024-04-30 15:34:06+08:00
325,159719,国企共赢ETF,1.482,1.4855,0.24,-0.005,-0.34,108905.0,16176265.0,1.484,1.494,1.479,1.487,1.01,6.01,1.0,22.7,53905.0,55000.0,-968376.0,-5.99,-54797.0,-0.34,-913579.0,-5.65,1161246.0,7.18,-192871.0,-1.19,286.0,1.481,1.482,181195986.0,268532451,268532451,2024-04-30,2024-04-30 15:34:27+08:00
326,515160,MSCI中国ETF招商,1.169,1.1676,-0.12,-0.004,-0.34,48248.0,5654772.0,1.174,1.175,1.169,1.173,0.51,0.78,0.9,-15.65,14626.0,33622.0,-45422.0,-0.8,0.0,0.0,-45422.0,-0.8,45801.0,0.81,-379.0,-0.01,157.0,1.167,1.168,621955104.0,727065517,727065517,2024-04-30,2024-04-30 15:59:58+08:00
327,515810,中证800ETF,1.145,1.1443,-0.06,-0.004,-0.35,143173.0,16442114.0,1.151,1.152,1.144,1.149,0.7,7.7,1.29,-0.46,99713.0,43460.0,-523193.0,-3.18,-2474487.0,-15.05,1951294.0,11.87,460153.0,2.8,63038.0,0.38,900.0,1.145,1.146,185908800.0,212865576,212865576,2024-04-30,2024-04-30 15:59:58+08:00
328,517090,央企共赢ETF,1.429,1.4318,0.2,-0.005,-0.35,151073.0,21651916.0,1.434,1.443,1.426,1.434,1.19,2.35,0.48,-23.59,56804.0,94269.0,2219434.0,10.25,1703680.0,7.87,515754.0,2.38,-24483.0,-0.11,-2194951.0,-10.14,-250.0,1.429,1.43,642075008.0,917525186,917525186,2024-04-30,2024-04-30 15:59:57+08:00
329,588280,科创50ETF指数基金,0.56,0.5555,-0.81,-0.002,-0.36,174727.0,9733324.0,0.564,0.564,0.554,0.562,1.78,4.08,1.35,57.64,75447.0,99280.0,-456709.0,-4.69,26588.0,0.27,-483297.0,-4.97,399026.0,4.1,57684.0,0.59,900.0,0.558,0.56,428121008.0,239747764,239747764,2024-04-30,2024-04-30 15:59:32+08:00
330,588220,科创100ETF基金,0.827,0.8254,-0.19,-0.003,-0.36,7138755.0,590856137.0,0.827,0.832,0.824,0.83,0.96,12.27,0.9,-6.71,3027977.0,4110778.0,73662063.0,12.47,65856624.0,11.15,7805439.0,1.32,-74106499.0,-12.54,444438.0,0.08,127.0,0.826,0.827,5818697984.0,4812063233,4812063233,2024-04-30,2024-04-30 15:59:40+08:00
331,159958,创业板ETF工银,1.101,1.094,-0.64,-0.004,-0.36,23488.0,2582418.7,1.105,1.105,1.093,1.105,1.09,1.26,1.06,45.1,10722.0,12766.0,296529.0,11.48,430292.0,16.66,-133763.0,-5.18,-289605.0,-11.21,-6925.0,-0.27,300.0,1.092,1.101,186711448.0,205569304,205569304,2024-04-30,2024-04-30 15:34:27+08:00
332,159905,深红利ETF,1.923,1.9211,-0.1,-0.007,-0.36,231701.0,44773701.1,1.93,1.946,1.92,1.93,1.35,1.44,1.05,40.56,132832.0,98869.0,-1853838.0,-4.14,-9983878.0,-22.3,8130040.0,18.16,2154057.0,4.81,-300219.0,-0.67,-253.0,1.923,1.924,1612443952.0,3100729720,3100729720,2024-04-30,2024-04-30 15:34:12+08:00
333,513080,法国CAC40ETF,1.634,1.6076,-1.64,-0.006,-0.37,107896.0,17598806.0,1.637,1.637,1.626,1.64,0.67,5.3,0.76,40.69,53470.0,54426.0,-49730.0,-0.28,1620614.0,9.21,-1670344.0,-9.49,263750.0,1.5,-214020.0,-1.22,1.0,1.633,1.634,203416000.0,332381744,332381744,2024-04-30,2024-04-30 15:59:58+08:00
334,513030,德国ETF,1.358,1.3384,-1.46,-0.005,-0.37,291420.0,39517567.0,1.359,1.359,1.353,1.363,0.44,4.18,0.51,-31.03,131820.0,159600.0,-2521410.0,-6.38,-4909117.0,-12.42,2387707.0,6.04,1511014.0,3.82,1010396.0,2.56,2.0,1.357,1.358,697279008.0,946904893,946904893,2024-04-30,2024-04-30 15:59:58+08:00
335,159508,生物医药ETF基金,0.812,0.8105,-0.19,-0.003,-0.37,10060.0,815886.7,0.81,0.817,0.807,0.815,1.23,0.7,0.45,-0.12,4798.0,5262.0,-185170.0,-22.7,10437.0,1.28,-195607.0,-23.97,20631.0,2.53,164538.0,20.17,2.0,0.811,0.812,143231598.0,116304058,116304058,2024-04-30,2024-04-30 15:34:42+08:00
336,510990,180ESGETF,0.811,0.8105,-0.06,-0.003,-0.37,60595.0,4933756.0,0.812,0.815,0.811,0.814,0.49,10.64,0.96,-0.05,41403.0,19192.0,-21957.0,-0.45,0.0,0.0,-21957.0,-0.45,16240.0,0.33,5717.0,0.12,-30.0,0.81,0.811,56948600.0,46185315,46185315,2024-04-30,2024-04-30 15:59:57+08:00
337,515590,500等权ETF,1.333,1.3299,-0.23,-0.005,-0.37,10094.0,1349331.0,1.338,1.338,1.333,1.338,0.37,5.02,3.87,-0.41,6002.0,4092.0,-12531.0,-0.93,535200.0,39.66,-547731.0,-40.59,0.0,0.0,12531.0,0.93,-90.0,1.33,1.332,20113700.0,26811562,26811562,2024-04-30,2024-04-30 15:59:57+08:00
338,515770,摩根MSCIAETF,1.064,1.0637,-0.03,-0.004,-0.37,113245.0,12102387.0,1.069,1.07,1.064,1.068,0.56,15.57,0.94,25.08,40451.0,72794.0,-192644.0,-1.59,0.0,0.0,-192644.0,-1.59,-303345.0,-2.51,495989.0,4.1,-200.0,1.063,1.064,72727300.0,77381847,77381847,2024-04-30,2024-04-30 16:00:00+08:00
339,518850,黄金ETF华夏,5.3,5.2889,-0.21,-0.02,-0.38,9204.0,4876369.0,5.32,5.322,5.288,5.32,0.64,1.11,0.41,51.06,3062.0,6142.0,564527.0,11.58,0.0,0.0,564527.0,11.58,-575486.0,-11.8,10960.0,0.22,10.0,5.3,5.303,82578700.0,437667110,437667110,2024-04-30,2024-04-30 15:59:58+08:00
340,588880,科创100ETF指数,0.794,0.7922,-0.23,-0.003,-0.38,635790.0,50669056.0,0.797,0.822,0.791,0.797,3.89,13.32,1.12,-38.03,340865.0,294925.0,485126.0,0.96,4042987.0,7.98,-3557861.0,-7.02,-465967.0,-0.92,-19160.0,-0.04,1000.0,0.793,0.794,477368000.0,379030192,379030192,2024-04-30,2024-04-30 15:59:34+08:00
341,562530,中证1000价值ETF,1.04,1.0398,-0.02,-0.004,-0.38,19702.0,2051625.0,1.043,1.045,1.033,1.044,1.15,3.33,0.95,-11.12,8115.0,11587.0,205890.0,10.04,0.0,0.0,205890.0,10.04,-195016.0,-9.51,-10874.0,-0.53,1.0,1.039,1.04,59144000.0,61509760,61509760,2024-04-30,2024-04-30 15:59:59+08:00
342,515310,沪深300指数ETF,1.027,1.0271,0.01,-0.004,-0.39,134436.0,13849458.0,1.024,1.036,1.024,1.031,1.16,4.69,0.97,2.6,83758.0,50678.0,-348144.0,-2.51,1450784.0,10.48,-1798928.0,-12.99,216860.0,1.57,131284.0,0.95,20.0,1.026,1.027,286611200.0,294349702,294349702,2024-04-30,2024-04-30 16:00:00+08:00
343,560350,中证A50ETF指数基金,1.024,1.0217,-0.23,-0.004,-0.39,1637277.0,167919899.0,1.027,1.029,1.022,1.028,0.68,6.08,0.87,26.76,818486.0,818792.0,-27329848.0,-16.28,-38763414.0,-23.08,11433566.0,6.81,25687825.0,15.3,1642023.0,0.98,-8.0,1.024,1.025,2691532096.0,2756128866,2756128866,2024-04-30,2024-04-30 15:59:57+08:00
344,159589,红利100ETF,1.021,1.0257,0.46,-0.004,-0.39,89435.0,9176417.693,1.022,1.03,1.02,1.025,0.98,15.8,1.19,-15.7,54623.0,34812.0,263617.0,2.87,-319037.0,-3.48,582654.0,6.35,-201751.0,-2.2,-61866.0,-0.67,-1000.0,1.021,1.024,56590005.0,57778395,57778395,2024-04-30,2024-04-30 15:34:21+08:00
345,159545,恒生红利低波ETF,1.019,1.0334,1.39,-0.004,-0.39,523517.0,53607865.855,1.025,1.034,1.016,1.023,1.76,14.41,1.15,-46.9,242301.0,281216.0,5636971.0,10.52,-6496206.0,-12.12,12133177.0,22.63,-5717622.0,-10.67,80651.0,0.15,3134.0,1.018,1.019,363403696.0,370308366,370308366,2024-04-30,2024-04-30 15:34:18+08:00
346,159591,中证A50ETF,1.016,1.016,0.0,-0.004,-0.39,1484145.0,151240540.417,1.022,1.022,1.015,1.02,0.69,11.36,0.95,-34.08,929872.0,554273.0,-236769.0,-0.16,8183380.0,5.41,-8420149.0,-5.57,234428.0,0.16,2341.0,0.0,2100.0,1.015,1.016,1305905680.0,1326800171,1326800171,2024-04-30,2024-04-30 15:34:24+08:00
347,159819,人工智能ETF,0.758,0.7576,-0.05,-0.003,-0.39,5834026.0,443643080.146,0.764,0.768,0.753,0.761,1.97,7.2,1.05,-19.57,2706769.0,3127257.0,-33467676.0,-7.54,-29318865.0,-6.61,-4148811.0,-0.94,26913373.0,6.07,6554303.0,1.48,-96321.0,0.758,0.759,8097229568.0,6137700013,6137700013,2024-04-30,2024-04-30 15:34:54+08:00
348,560070,央企股东回报ETF,1.01,1.0103,0.03,-0.004,-0.39,327796.0,33289711.0,1.014,1.019,1.01,1.014,0.89,4.56,0.91,-0.88,125132.0,202664.0,481185.0,1.45,-1905933.0,-5.73,2387118.0,7.17,-511851.0,-1.54,30667.0,0.09,-107.0,1.01,1.011,718462304.0,725646927,725646927,2024-04-30,2024-04-30 15:59:59+08:00
